2784 4350
221 367 252 416 12
581 367 607 414 P.
627 365 808 414 CORNELII
829 365 957 414 TAClTI
1248 363 1322 428 [1.]-

221 563 234 596 2
270 533 457 616 principum
481 531 568 596 tueri
593 540 627 595 et
652 532 833 596 defendere
855 533 961 596 datur.
1011 532 1099 595 Tum
1116 531 1201 595 mihi
1218 553 1321 614 supra

269 643 460 705 tribunatus
478 651 510 730 et
528 650 700 722 praeturas
718 650 752 703 et
768 639 963 704 consulatus
987 641 1169 704 ascendere
1190 641 1318 716 videor,

269 759 340 813 tum
360 750 491 823 habere,
511 750 607 831 quod,
627 748 738 811 sinon
760 748 794 812 in
811 747 921 811 animo
938 747 1053 824 oritur,
1071 770 1134 813 nec
1152 748 1319 813 codicillis

221 881 235 930 3
269 860 367 922 datur
383 880 445 923 nec
462 879 538 922 cum
555 857 662 962 gratia
678 857 781 921 venit.
831 857 945 939 Quid?
973 857 1063 921 fama
1079 868 1112 921 et
1129 857 1204 920 laus
1221 859 1319 922 cuius

269 967 350 1030 artis
376 989 451 1030 cum
476 977 644 1030 oratorum
668 966 774 1048 gloria
798 967 1021 1048 comparanda
1042 967 1117 1029 est?
1167 966 1320 1048 Quinam

269 1075 480 1139 inlustriores
497 1085 574 1138 sunt
593 1075 625 1137 in
644 1077 726 1138 urbe
743 1096 811 1137 non
834 1076 941 1138 solum
959 1075 1045 1156 apud
1068 1075 1268 1156 negotiosos
1285 1085 1319 1138 et

269 1185 368 1246 rebus
403 1183 561 1258 intentos,
596 1184 654 1246 sed
690 1183 791 1246 etiam
824 1183 911 1264 apud
947 1181 1084 1252 iuvenes
1120 1204 1247 1246 vacuos
1286 1193 1320 1245 et

268 1291 511 1367 adulescentes
530 1292 652 1374 quibus
668 1292 767 1354 modo
790 1300 824 1353 et
846 1301 938 1354 recta
959 1291 1087 1354 indoles
1105 1300 1157 1354 est
1175 1300 1210 1353 et
1229 1292 1321 1354 bona

218 1422 234 1467 ,4
269 1421 345 1481 spes
371 1399 446 1462 sui?
495 1400 647 1482 Quorum
669 1399 805 1462 nomina
824 1399 915 1480 prius
932 1409 1088 1481 parentes
1105 1399 1221 1462 liberis
1249 1401 1320 1463 suis

269 1507 451 1589 ingerunt?
500 1508 594 1589 Quos
618 1507 752 1588 saepius
769 1507 888 1589 vulgus
912 1527 1044 1589 quoque
1068 1507 1263 1588 imperitum
1284 1519 1320 1570 et

268 1616 439 1678 tunicatus
472 1615 525 1678 hic
558 1615 700 1696 populus
736 1625 950 1678 transeuntes
983 1615 1117 1678 nomine
1148 1625 1250 1678 vocat
1286 1627 1320 1678 et

221 1743 234 1794 5
270 1723 375 1804 digito
392 1723 623 1786 demonstrat?
671 1723 834 1785 Advenae
851 1743 983 1804 quoque
1006 1732 1038 1785 et
1061 1723 1233 1804 peregrini
1252 1723 1319 1785 iam

270 1831 303 1893 in
336 1830 526 1912 municipiis
559 1840 591 1893 et
625 1831 766 1894 coloniis
794 1831 863 1893 suis
891 1831 1032 1905 auditos,
1063 1851 1138 1894 cum
1167 1830 1319 1912 primum

269 1939 383 2002 urbem
409 1939 602 2020 attigerunt,
627 1939 801 2020 requirunt
825 1959 864 2002 ac
887 1939 979 2002 velut
1004 1940 1212 2020 adgnoscere
1239 1960 1319 2002 con-

218 2047 237 2111 8
270 2048 457 2129 cupiscunt.
496 2047 618 2110 Ausim
632 2048 835 2110 contendere
849 2047 1044 2110 Marcellum
1058 2047 1146 2109 hunc
1161 2047 1317 2128 Eprium,

227 2163 230 2167 “
268 2157 309 2219 de
326 2178 391 2239 quo
409 2157 506 2219 modo
519 2155 650 2220 locutus
664 2178 749 2229 sum,
765 2165 798 2220 et
817 2155 972 2238 Crispum
985 2155 1124 2219 Vibium
1139 2155 1319 2241 (libentius

268 2266 357 2327 enim
378 2265 471 2327 novis
492 2274 525 2327 et
547 2265 740 2328 recentibus
765 2285 862 2353 quam
888 2265 1024 2327 remotis
1051 2273 1084 2326 et
1109 2264 1318 2327 oblitteratis

266 2430 319 2471 tors
339 2424 396 2470 who
416 2424 534 2484 belonged
550 2429 574 2469 to
593 2422 634 2469 the
654 2423 718 2469 class
739 2423 771 2485 os
814 2421 869 2469 tion
885 2421 1021 2484 occurring
1034 2421 1183 2485 repeatedly
1197 2422 1224 2469 in
1242 2423 1319 2470 Taci-

266 2489 492 2538 liberti.—datur
509 2488 569 2537 with
592 2488 635 2536 the
657 2488 701 2535 inf.
723 2503 764 2536 oc·
815 2496 864 2543 tus,
887 2505 929 2551 eg.
956 2489 1041 2535 Germ.
1062 2501 1090 2547 41
1118 2490 1191 2536 Albis
1207 2489 1319 2551 flumen

267 2571 325 2605 curs
354 2553 501 2619 repeatedly
529 2556 554 2602 in
585 2554 699 2610 Tacitus,
720 2571 762 2617 ega
814 2571 883 2602 nunc
903 2560 1002 2614 tontum
1020 2556 1135 2601 auditur.
1172 2554 1209 2602 So
1232 2555 1317 2620 Pliny,

266 2625 337 2671 Aren.
352 2623 397 2669 IV.
411 2622 594 2684 6dabaturque
603 2622 764 2683 primoribus
814 2623 864 2682 Ep.
884 2621 946 2667 Vll.
965 2634 1003 2682 27.
1022 2634 1035 2681 7
1054 2622 1196 2668 simulacra
1212 2623 1318 2678 audito,

266 2691 393 2738 disserere.
814 2686 865 2735 and
873 2702 937 2735 even
946 2687 1044 2743 Cicero,
1052 2703 1095 2749 eg.
1103 2689 1164 2734 Nat.
1172 2689 1207 2734 l).
1219 2688 1320 2737 II.6eo

299 2769 323 2804 2.
348 2754 497 2813 codicillis,
521 2754 712 2802 cabinet-orders
735 2753 764 2801 oi
813 2757 867 2816 ipso
878 2756 917 2802 die
930 2755 1045 2801 audr'tam
1059 2770 1109 2801 esse
1124 2770 1179 2801 eom
1193 2761 1317 2817 pugnam

266 2822 311 2871 the
329 2823 462 2884 Emperor.
813 2823 949 2869 memoriae
971 2822 1104 2883 proditum
1135 2823 1318 2871 est-velut

298 2904 323 2949 3.
345 2889 422 2937 fama
441 2896 469 2937 et
487 2889 566 2937 laus:
583 2894 645 2934 note
662 2885 707 2933 the
724 2901 763 2933 ac·
813 2889 1005 2951 adgnoscere:
1024 2889 1061 2935 ie.
1080 2902 1109 2935 as
1127 2886 1230 2949 though
1253 2889 1319 2952 they

266 2956 424 3004 cumulatiori
448 2954 477 3001 of
499 2968 638 3017 synonyms
661 2952 687 2999 in
711 2952 762 3001 this
813 2954 865 3002 had
877 2954 981 3018 already
991 2970 1053 3003 seen
1065 2954 1150 3013 them;
1168 2970 1199 3003 so
1211 2955 1287 3004 clear
1303 2972 1320 3003 a

265 3037 387 3085 passage:
406 3021 484 3069 iama
506 3028 533 3068 et
554 3021 633 3078 laus;
651 3021 763 3082 negoti·
813 3022 911 3085 picture
920 3022 986 3069 have
999 3022 1059 3086 they
1068 3023 1161 3085 gained
1173 3023 1205 3087 by
1216 3034 1318 3087 report.

266 3104 334 3137 osos
348 3097 376 3136 et
389 3090 475 3138 rebus
495 3088 621 3137 intentos
629 3102 637 3147 ;
656 3088 763 3151 vulgus
846 3086 873 3143 8.
899 3089 1069 3138 Marcellum
1095 3091 1226 3154 Eprium,
1254 3092 1318 3139 Cri·

266 3156 440 3219 imperitum,
454 3156 601 3205 tunicatus
620 3157 746 3221 populus
754 3170 762 3215 ;
814 3170 899 3219 spum
909 3156 1044 3205 Vibium:
1062 3155 1105 3203 ior
1114 3157 1158 3205 the
1171 3160 1319 3220 transposi-

262 3221 393 3270 'advenae
411 3231 439 3271 et
454 3224 761 3288 peregrini—quibus
813 3224 867 3272 tion
880 3223 910 3270 oi
921 3223 965 3271 the
977 3238 1067 3271 names
1078 3239 1122 3272 see
1137 3238 1157 3271 1.
1172 3238 1182 3271 1
1197 3239 1223 3271 n.
1263 3227 1319 3273 For

265 3290 351 3337 modo
362 3298 421 3337 est:
435 3291 521 3339 clause
531 3290 761 3353 oiprovisoinind.
814 3290 952 3338 Marcellus
973 3305 1016 3338 see
1037 3303 1058 3354 5.
1078 3303 1091 3350 7
1105 3306 1129 3337 n.
1165 3292 1198 3351 Q.
1218 3292 1318 3341 Vibius

297 3372 322 3417 4.
347 3356 489 3418 ingerunt,
514 3359 621 3419 impress
647 3365 763 3420 upon.-
813 3357 929 3419 Crispus,
947 3372 963 3405 a
980 3357 1067 3405 native
1085 3357 1114 3404 oi
1132 3358 1268 3407 Vercellae
1290 3360 1318 3406 in

265 3423 421 3481 tunicatus,
439 3426 468 3470 in
485 3426 605 3487 working
619 3426 689 3472 dress
696 3440 707 3481 ;
727 3423 760 3472 ci.
813 3423 944 3486 Cisalpine
963 3423 1039 3478 Gaul,
1057 3439 1110 3472 was
1128 3422 1209 3472 noted
1228 3439 1259 3472 as
1281 3441 1318 3472 an

266 3488 331 3537 Hor.
344 3490 394 3551 Ep.
409 3490 429 3537 I.
448 3503 470 3551 7.
484 3490 515 3555 65
534 3492 597 3539 vilia
615 3492 760 3538 vendentem
812 3489 1133 3538 oratorandaninformer
1140 3490 1223 3538 under
1231 3491 1317 3539 Nero.

263 3556 375 3603 tunicato
390 3563 475 3604 scruta
488 3557 705 3618 popello—hic:
723 3559 760 3604 ie.
814 3556 856 3604 He
870 3555 940 3603 filled
957 3556 1056 3604 several
1075 3556 1160 3604 minor
1177 3555 1269 3605 offices
1290 3558 1317 3605 in

264 3623 480 3685 noster—digito
493 3624 687 3672 demonstrat:
705 3639 761 3670 usu·
811 3622 856 3670 the
868 3622 954 3685 reigns
966 3622 995 3670 oi
1008 3623 1080 3671 Nero
1092 3621 1144 3670 and
1156 3622 1317 3685 Vespasiani,

263 3687 315 3752 ally
332 3690 410 3751 drgn'to
427 3696 577 3745 monstrare,
591 3689 636 3737 but
655 3689 686 3736 ci.
706 3689 760 3736 Cic.
811 3688 863 3736 and
872 3687 933 3736 died
944 3696 971 3736 at
983 3704 1015 3736 an
1029 3687 1163 3737 advanced
1172 3704 1222 3750 age
1232 3690 1258 3737 in
1269 3690 1318 3738 the

264 3754 294 3801 de
314 3756 357 3802 Or.
375 3755 411 3801 11.
431 3755 479 3803 266
496 3757 668 3803 demonstravi
683 3756 762 3817 digito
811 3755 882 3816 reign
896 3755 924 3801 oi
939 3755 1213 3803 Domitian—novis
1228 3764 1258 3804 et
1272 3770 1319 3804 re-

267 3822 364 3881 pictum
382 3822 494 3867 Gallum.
812 3821 954 3878 centibus,
973 3838 1029 3869 new
1047 3822 1104 3868 and
1120 3822 1319 3889 consequently

298 3900 321 3948 5.
343 3886 467 3944 auditos,
479 3889 561 3935 heard
569 3888 601 3951 os,
612 3902 627 3935 a
638 3886 762 3950 significa·
812 3888 888 3952 fresh
901 3888 927 3935 in
940 3889 984 3937 the
997 3887 1082 3937 minds
1095 3887 1123 3937 oi
1134 3888 1176 3936 all.
