2784 4350
532 365 558 412 P.
581 363 766 412 CORNELII'
787 364 915 411 TACITI

1175 362 1221 421 [ss.
1239 377 1281 407 m

184 552 210 586 11
231 530 428 606 offenderet,
447 531 475 594 si
497 551 620 613 paucos
639 531 870 613 excerpsisset.
923 532 1057 614 Quotus
1080 532 1170 595 enim
1191 534 1280 615 quis-

231 658 295 722 que
320 638 595 702 scholasticorum
624 660 691 701 non
725 640 787 702 hac
812 660 872 703 sua
899 640 1115 721 persuasione
1143 641 1278 717 fruitur,

232 756 269 810 ut
286 768 323 811 se
338 756 417 810 ante
435 746 630 811 Ciceronem
647 756 812 824 numeret,
831 747 895 810 etsi
913 749 1010 830 plane
1027 758 1101 831 post
1122 749 1279 813 Gabinia-

231 856 335 919 num?
395 855 444 917 At
473 876 536 938 ego
564 877 631 920 non
658 857 798 920 verebor
823 858 995 920 nominare
1022 858 1182 940 singulos,
1211 880 1279 941 quo

230 964 361 1027 facilius
388 964 568 1046 propositis
597 965 758 1047 exemplis
786 975 942 1047 appareat
968 965 1089 1047 quibus
1118 967 1279 1048 gradibus

230 1072 336 1135 fracta
353 1071 396 1134 sit
413 1081 447 1134 et
464 1071 637 1135 deminuta
653 1072 863 1155 eloquentia)

181 1177 219 1241 27
280 1178 342 1241 ‘At
367 1178 485 1261 parce'
511 1180 619 1262 inquit
645 1181 822 1243 Maternus
849 1192 900 1244 ‘et
919 1182 1030 1264 potius
1053 1184 1186 1246 exsolve
1206 1205 1280 1265 pro-

231 1287 379 1351 missum.
431 1288 551 1370 Neque
579 1289 668 1351 enim
693 1290 757 1352 hoc
782 1290 894 1371 colligi
918 1290 1156 1366 desideramus,
1176 1292 1280 1354 diser·

230 1394 333 1458 tiores
350 1415 426 1459 esse
442 1396 607 1478 antiquos,
627 1398 715 1479 quod
732 1398 819 1478 apud
836 1417 889 1459 me
906 1397 1039 1480 quidem
1063 1398 1097 1460 in
1120 1399 1279 1462 confesso

230 1512 291 1579 est,
320 1505 379 1566 sed
405 1524 522 1567 causas
551 1505 765 1586 exquirimus
793 1526 875 1587 quas
902 1515 937 1568 te
966 1506 1101 1569 solitum
1130 1516 1279 1571 tractare

230 1610 352 1688 dixisti,
371 1612 470 1694 paulo
496 1622 574 1675 ante
599 1613 697 1694 plane
721 1613 832 1675 mitior
857 1623 890 1675 et
916 1614 1126 1695 eloquentiae
1150 1624 1280 1697 tempo-

230 1741 303 1782 rum
320 1730 510 1784 nostrorum
528 1721 639 1783 minus
656 1722 770 1796 iratus,
789 1732 968 1803 antequam
994 1732 1028 1784 te
1053 1722 1147 1804 Aper
1172 1723 1281 1785 offeri-

230 1829 324 1891 deret
341 1828 482 1892 maiores
499 1839 576 1893 tuos
592 1829 809 1893 lacessendos

181 1958 194 1991 2
278 1938 378 2000 ‘Non
396 1937 488 2001 sum'
513 1938 620 2020 inquit
646 1940 814 2001 ‘offensus
838 1938 924 2020 Apri
946 1939 1012 2001 mei
1036 1940 1277 2021 disputatione,

230 2066 292 2109 nec
319 2066 379 2109 vos
407 2046 535 2109 offendi
562 2047 705 2121 decebit,
737 2047 765 2109 si
793 2048 872 2129 quid
901 2048 988 2111 forte
1021 2068 1117 2110 aures
1146 2058 1279 2112 vestras

229 2154 443 2237 perstringat,
464 2177 540 2219 cum
558 2155 671 2222 sciatis
688 2155 774 2220 hanc
792 2177 867 2218 esse
884 2156 956 2219 eius
973 2156 1062 2220 modi
1082 2177 1279 2220 sermonum

229 2264 348 2345 legem,
366 2263 522 2326 iudicium
540 2264 642 2326 animi
660 2265 744 2328 citra
760 2265 917 2348 damnum
935 2265 1088 2329 adlectus
1101 2265 1278 2346 proferre)

179 2393 194 2443 3
278 2370 420 2453 ‘Perge'
447 2372 555 2454 inquit
577 2373 753 2435 Maternus
781 2382 832 2434 ‘et
850 2394 925 2436 cum
943 2373 984 2435 de
1001 2373 1147 2456 antiquis
1165 2374 1280 2456 loqua-

229 2480 284 2555 riS,
304 2489 398 2542 utere
414 2480 552 2572 antiqua
568 2481 734 2556 libertate,
753 2502 772 2543 a
789 2502 853 2563 qua
869 2481 922 2544 vel
939 2482 1045 2562 magis
1062 2482 1280 2563 degeneravi-

180 2583 188 2592 ”
233 2609 306 2651 mus
323 2609 422 2670 quam
439 2589 480 2651 ab
498 2589 708 2671 eloquentia’

229 2729 273 2777 the
285 2729 463 2778 construction
475 2745 504 2778 as
515 2729 542 2777 in
557 2729 593 2778 18.
603 2745 630 2790 4;
651 2745 689 2794 ²3·
702 2745 723 2778 2.

227 2795 291 2844 -si
315 2808 425 2858 paucos
449 2797 658 2858 excerpsisset:
686 2800 723 2844 ie.

227 2862 249 2910 if
266 2860 300 2910 he
317 2859 413 2910 should
432 2861 514 2923 single
535 2870 582 2910 out
599 2878 615 2910 a
630 2863 680 2910 lew
696 2872 724 2911 to

228 2929 319 2992 praise.

263 3009 302 3043 ιι.
326 2995 586 3045 scholasticorum:
612 2996 674 3044 here
697 2997 726 3044 of

228 3061 273 3110 the
291 3062 408 3110 teachers
426 3061 456 3109 ol
472 3062 593 3119 rhetoric,
608 3078 637 3112 as
654 3078 726 3126 regu·

227 3129 298 3193 larly.
329 3129 382 3177 For
390 3143 406 3176 a
416 3127 537 3176 different
546 3144 593 3178 use
601 3145 645 3178 see
655 3143 692 3194 15.
704 3143 724 3194 5.

209 3198 466 3259 ·—persuasione,
480 3198 572 3254 notion,
588 3195 725 3259 explained

227 3261 261 3326 by
278 3270 310 3311 ut
333 3270 475 3311 numeret.
516 3261 581 3310 This
601 3278 676 3312 sense
697 3263 726 3310 of

228 3329 273 3377 the
301 3328 372 3377 word
406 3329 428 3377 is
463 3329 726 3392 post-Augustan—

229 3396 284 3444 etsi
312 3396 397 3459 plane
425 3404 491 3459 post
520 3397 725 3446 Gabinianum:

228 3461 288 3510 Sex.
295 3462 378 3522 Julius
387 3461 547 3511 Gabinianus
557 3479 609 3511 was
617 3478 633 3510 a
639 3464 726 3511 native

228 3527 257 3577 of
274 3529 350 3586 Gaul,
369 3528 422 3578 and
438 3529 543 3578 famous
561 3545 590 3578 as
608 3545 624 3578 a
640 3529 725 3578 rheto-

227 3595 305 3644 rician
327 3596 355 3644 in
373 3597 418 3644 the
436 3596 507 3660 reign
525 3597 555 3644 of
571 3596 723 3659 Vespasian.

227 3661 285 3710 The
314 3678 436 3712 common
470 3663 589 3712 estimate
621 3663 650 3710 of
683 3663 724 3711 his

228 3729 316 3777 merits
332 3729 359 3778 in
378 3729 430 3778 this
447 3745 496 3793 age
511 3745 596 3778 seems
614 3738 641 3778 to
658 3729 725 3777 have
743 3731 746 3737 '

227 3793 293 3842 been
305 3811 334 3843 as
351 3795 429 3843 much
448 3802 494 3845 too
506 3795 567 3858 high
580 3811 609 3844 as
628 3796 684 3844 that
696 3794 726 3843 oi

229 3860 321 3910 Cicero
333 3876 386 3910 was
398 3869 443 3910 too
456 3861 514 3911 low.

809 2728 854 2788 27.
879 2744 979 2794 parce:
997 2746 1031 2779 sc.
1043 2733 1177 2779 nominare
1190 2733 1281 2795 singu·

776 2799 862 2844 los.—
873 2798 978 2861 colligi,
1003 2804 1027 2844 to
1049 2799 1075 2845 be
1097 2799 1236 2847 simom-
1246 2800 1279 2848 in

777 2863 913 2912 confesso
943 2871 1009 2912 est:
1038 2879 1067 2912 as
1091 2864 1118 2911 in
1141 2877 1180 2928 ²5·
1211 2879 1280 2912 2.—

777 2939 805 2978 te
819 2930 936 2979 solitum
953 2938 1075 2979 tractare
1093 2931 1207 2979 dixisti:
1226 2932 1278 2980 viz.

775 2997 802 3044 in
823 3010 859 3061 15.
878 2997 1106 3057 4f.—maiores
1131 3005 1198 3046 tuos
1232 2999 1279 3061 (sc.

776 3063 905 3126 oratores):
919 3064 977 3112 ‘the
987 3072 1088 3112 orators
1097 3064 1126 3112 of
1135 3064 1179 3112 old
1187 3064 1280 3114 whom

776 3145 827 3195 you
851 3128 970 3190 admire';
994 3130 1026 3178 cf.
1049 3143 1087 3195 25.
1109 3145 1123 3178 2
1144 3133 1197 3179 sive
1216 3133 1281 3180 illos

775 3198 892 3260 antiquos
904 3199 955 3245 sior
970 3200 1079 3246 maiores
1092 3200 1144 3246 sive
1159 3215 1209 3262 quo
1222 3201 1281 3246 alio

776 3265 878 3311 mavult
892 3265 994 3312 nomine
1010 3264 1124 3326 appellet.
1162 3265 1204 3312 On
1221 3265 1280 3314 this

777 3345 822 3379 use
832 3329 862 3378 of
873 3337 931 3378 tuus
939 3331 971 3378 cf.
985 3345 1020 3391 14.
1031 3345 1046 3395 3
1056 3333 1280 3392 precaminibus

776 3414 836 3444 suis.

809 3477 833 3511 2.
850 3465 1034 3527 perstringat,
1038 3471 1113 3527 grate
1120 3465 1278 3514 oia—citra

775 3531 913 3579 damnum
937 3531 1077 3589 adlectus,
1097 3533 1206 3579 without
1224 3533 1279 3580 loss

775 3597 806 3660 of
819 3599 886 3658 good
898 3599 1015 3662 fi‘llngi
1042 3598 1154 3661 adfectus
1175 3599 1202 3646 in
1222 3599 1278 3648 this

775 3679 850 3711 sense
867 3663 889 3712 is
908 3667 1125 3727 post-Augustam
1170 3665 1214 3712 On
1231 3665 1278 3714 the

775 3731 984 3792 post-Augustan
994 3746 1040 3778 use
1048 3730 1076 3778 of
1087 3732 1153 3778 citra
1162 3730 1205 3779 lor
1213 3733 1276 3788 sine,

776 3795 807 3844 ci.
817 3810 855 3856 41.
864 3796 1172 3855 8ciiraobtrectationen1‚·
1186 3799 1251 3860 Agr.
1264 3811 1273 3845 1

707 3877 711 3887 ·
775 3864 839 3910 citra
844 3863 934 3926 fidem.
