2784 4350
125 332 177 379 ss.
192 335 217 396 2]

407 340 596 389 DIALOGVS
621 341 671 389 DE
695 341 941 391 ORATORIBVS.

127 507 188 569 sed
206 506 306 570 etiam
324 509 412 591 quod
429 508 538 573 visum
555 519 588 573 et
606 510 720 574 oculos
741 510 896 586 delectet,
915 530 982 573 non
1006 530 1046 573 ea
1067 508 1174 573 solum

127 615 250 680 instrui
286 616 494 698 supellectile
526 638 611 701 quae
643 618 840 682 necessariis
873 618 989 681 usibus
1022 617 1173 693 sufficiat,

128 727 188 790 sed
205 724 249 789 sit
265 725 300 787 in
316 735 478 807 apparatu
495 726 567 789 eius
581 735 615 789 et
628 747 745 789 aurum
764 736 797 789 et
815 746 976 809 gemmae,
992 735 1028 789 ut
1043 746 1175 789 sumere

127 835 162 898 in
189 854 308 897 manus
334 842 368 897 et
395 834 545 915 aspicere
570 834 703 916 saepius
727 834 839 899 libeat.
899 834 1070 917 Quaedam
1095 854 1175 897 vero
1209 855 1223 903 7

127 944 242 1025 procul
259 951 436 1006 arceantur
452 952 490 1005 ut
508 942 573 1005 iam
591 942 785 1006 oblitterata
801 951 834 1005 et
852 943 1023 1018 obsoleta;
1047 941 1175 1005 nullum

128 1052 172 1115 sit
189 1052 329 1115 verbum
349 1051 441 1114 velut
464 1050 619 1133 rubigine
641 1050 815 1125 iniectum,
834 1050 917 1113 nulli
939 1070 1059 1113 sensus
1081 1050 1176 1113 tarda

127 1170 161 1223 et
187 1159 287 1222 inerti
312 1168 481 1223 structura
505 1159 539 1221 in
565 1179 690 1221 morem
716 1158 884 1222 annalium
910 1167 1173 1240 componantur;

126 1268 251 1350 fugitet
279 1268 412 1331 foedam
439 1276 473 1329 et
500 1267 660 1330 insulsam
686 1267 932 1342 scurrilitatem,
958 1266 1062 1329 variet
1090 1286 1176 1329 com·

127 1376 338 1458 positionem,
363 1395 426 1439 nec
450 1396 567 1438 omnes
592 1375 758 1438 clausulas
784 1395 850 1437 uno
875 1384 909 1439 et
934 1375 1050 1438 eodem
1075 1375 1175 1437 modo

126 1484 339 1548 determinet.
395 1483 482 1545 Nolo
507 1483 651 1546 inridere
677 1493 802 1546 ‘rotam
829 1482 1016 1546 Fortunae'
1043 1492 1077 1545 et
1105 1482 1174 1546 ‘ius
1186 1481 1224 1545 23

124 1592 315 1655 verrinum'
349 1601 382 1654 et
412 1592 493 1654 illud
521 1591 621 1654 tertio
654 1612 786 1674 quoque
819 1612 920 1654 sensu
953 1591 987 1653 in
1019 1590 1174 1653 omnibus

124 1700 333 1763 orationibus
350 1720 409 1781 pro
426 1700 596 1762 sententia
608 1700 755 1781 positum
774 1711 868 1762 ‘esse
879 1697 1051 1763 videatur.’
1087 1699 1174 1761 Nam

125 1809 261 1872 ethaeo
284 1808 409 1871 invitus
430 1808 543 1871 rettuli
564 1817 597 1870 et
620 1807 716 1889 plura
737 1807 844 1883 omisi,
863 1827 948 1890 quae
970 1817 1083 1870 tamen
1106 1806 1176 1869 sola

124 1916 291 1980 mirantur
315 1925 416 1998 atque
441 1915 630 1998 exprimunt
656 1915 678 1977 ii
707 1916 763 1998 qui
788 1935 825 1979 se
848 1915 1004 1997 antiquos
1026 1924 1174 1978 oratores

123 2033 256 2088 vocant.
319 2023 498 2087 Neminem
524 2023 714 2098 nominabo,
743 2044 851 2105 genus
877 2024 1049 2087 hominum
1075 2023 1174 2105 signi·
1209 2053 1222 2087 2

124 2134 245 2197 ficasse
278 2141 482 2210 contentus;
524 2132 583 2200 sed
613 2132 709 2195 vobis
742 2131 857 2215 utique
888 2141 1065 2196 versantur
1096 2140 1174 2195 ante

123 2242 240 2306 oculos
273 2242 329 2305 isti
358 2241 415 2324 qui
449 2240 615 2305 Lucilium
648 2261 708 2322 pro
743 2241 885 2305 Horatio
914 2250 947 2304 et
979 2241 1172 2304 Lucretium

157 2397 182 2445 7.
207 2383 236 2431 in
260 2396 370 2432 morem
395 2383 559 2431 annalium:
585 2383 622 2430 ie.

121 2449 192 2498 aiter
210 2450 254 2497 the
272 2449 319 2514 dry
336 2449 402 2515 style
420 2449 449 2497 of
467 2449 512 2497 the
532 2449 623 2496 chron-

120 2516 193 2564 icles.
205 2544 239 2552 —
250 2516 472 2565 scurrilitatem:
496 2523 543 2563 not
561 2515 624 2563 else·

119 2583 209 2631 where
229 2581 293 2630 used
313 2582 343 2630 of
362 2583 556 2646 style—nec:
579 2581 622 2629 for

119 2665 191 2706 neve,
215 2664 244 2698 as
271 2649 297 2696 in
323 2662 360 2712 13.
384 2648 623 2698 8.-clausulas:

118 2717 160 2764 eie.
173 2715 218 2764 the
235 2714 391 2778 concluding
408 2715 515 2778 phrases
531 2714 561 2763 oi
578 2714 624 2762 dil-

117 2782 208 2830 ferent
219 2791 400 2831 sentences-
407 2797 465 2830 uno
478 2790 506 2830 et
520 2782 623 2830 eodem

119 2849 225 2897 modo:
243 2851 280 2897 ie.
299 2849 360 2897 with
382 2848 426 2896 the
446 2863 518 2897 same
537 2848 624 2913 rhyth-

118 2915 199 2964 mical
211 2915 330 2964 cadence.

155 2979 202 3038 23.
221 2990 313 3031 rotam
325 2983 486 3031 Fortunae:
500 2982 569 3031 from
579 2982 624 3030 the

118 3049 225 3098 oration
244 3051 272 3096 in
285 3050 400 3096 Pisonem
421 3062 494 3096 22.-
501 3048 547 3099 ius
561 3063 624 3097 ver-

110 3117 232 3182 rinum:
256 3115 372 3178 alluding
394 3122 422 3164 to
447 3115 562 3164 Cicero's
587 3115 623 3164 ia·

118 3197 200 3231 mous
217 3197 271 3245 pun
290 3184 319 3230 in
344 3183 455 3240 Verrem,
476 3183 513 3230 II.
535 3196 556 3230 1.
577 3196 619 3230 121

118 3249 248 3310 negabant
264 3265 314 3297 esse
331 3251 492 3306 mirandum,
511 3251 553 3297 ius
570 3256 621 3297 tam

118 3331 231 3378 nequam
244 3332 293 3363 esse
307 3318 449 3373 verrinum,
463 3318 500 3364 iu.
515 3315 585 3364 ‘sard
602 3323 623 3364 rt

117 3397 175 3431 was
187 3396 222 3429 no
235 3382 340 3430 wonder
358 3383 415 3431 that
434 3385 476 3431 ius
487 3384 621 3431 verrinum

117 3449 248 3498 wassuch
257 3449 624 3506 miserablestuff',whereius

116 3516 256 3564 verrinum
276 3532 336 3580 may
351 3531 427 3564 mean
446 3515 528 3564 either
545 3516 625 3564 boar's

116 3598 195 3630 sauce
223 3597 253 3631 or
283 3584 389 3631 Verrine
410 3584 510 3646 justice.
553 3583 624 3644 Aper

115 3649 194 3712 gives
206 3649 258 3698 this
276 3665 305 3698 as
323 3665 340 3697 a
357 3649 452 3714 typical
465 3648 623 3697 illustration

116 3715 151 3765 oi
179 3718 328 3764 scurrilitas
357 3715 517 3778 (meffoonery,
546 3716 623 3776 ekeap

115 3782 373 3847 jesting).-tertio
391 3795 505 3844 quoque
523 3795 622 3839 sensu,

116 3865 196 3912 every
203 3849 274 3897 other
282 3847 547 3905 sentence-another
556 3849 625 3897 illus·

674 2382 771 2430 tration
790 2381 819 2430 of
831 2382 924 2446 Aper's
942 2381 1070 2446 tendency
1088 2389 1115 2430 to
1134 2397 1174 2430 ex·

674 2456 803 2512 aggerare.
830 2449 888 2497 The
897 2448 990 2512 phrase
999 2465 1049 2497 esse
1057 2449 1174 2500 videatur

675 2530 766 2564 occurs
779 2516 840 2580 only
852 2522 895 2563 ten
908 2516 984 2564 times
996 2515 1022 2563 in
1035 2514 1079 2563 the
1092 2515 1173 2563 entire

674 2582 776 2630 oration
792 2589 844 2644 pro
863 2583 913 2645 lege
932 2582 1054 2639 Manilia,
1075 2580 1127 2629 and
1146 2581 1173 2629 in

675 2656 771 2714 twenty
783 2649 872 2698 others
885 2649 905 2696 it
921 2648 985 2697 does
996 2655 1044 2696 not
1056 2662 1134 2696 occur
1146 2655 1172 2696 at

675 2715 817 2778 alh—pro
836 2715 997 2764 sententia:
1021 2716 1058 2763 ie.
1072 2713 1173 2763 instead

676 2781 705 2830 of
722 2797 754 2830 an
767 2782 886 2830 effective
904 2782 1004 2844 closing
1021 2781 1121 2841 clause,
1140 2781 1172 2830 ci.

675 2849 721 2898 the
745 2865 790 2898 use
814 2849 843 2897 of
865 2850 987 2898 sententia
1005 2848 1031 2897 in
1052 2862 1091 2896 20.
1112 2862 1174 2913 5.-
1241 2905 1243 2908 .

676 2917 848 2979 exprimunt,
858 2923 924 2978 copy,
934 2931 963 2964 as
975 2916 1001 2964 in
1015 2929 1053 2963 20.
1063 2929 1086 2979 3.
1117 2915 1173 2962 The

675 2982 757 3045 figure
780 2998 865 3031 seems
885 2981 1021 3031 borrowed
1039 2981 1108 3030 from
1128 2981 1173 3030 the

675 3050 813 3112 sculptor's
826 3065 856 3098 or
868 3049 1001 3098 founder's
1014 3057 1060 3097 art.

708 3130 733 3165 a.
758 3117 940 3180 significasse
959 3124 1124 3165 contentus:
1140 3114 1173 3164 cf.

677 3182 715 3230 18.
728 3197 810 3242 4n.-
819 3183 978 3233 Lucilium:
1000 3183 1044 3230 the
1061 3181 1174 3230 founder

674 3249 704 3297 of
716 3250 818 3298 Roman
830 3250 921 3299 Satire.
946 3250 989 3298 lle
998 3264 1051 3298 was
1062 3249 1173 3297 anative

674 3315 705 3364 ol
721 3315 872 3379 Campania,
886 3315 938 3364 and
954 3315 1023 3365 lived
1040 3316 1109 3364 irom
1127 3315 1173 3363 180

675 3389 703 3431 to
724 3395 838 3446 10313.c.
875 3383 1025 3443 Quintilian,
1045 3383 1078 3430 X.
1099 3394 1119 3429 1.
1132 3395 1172 3445 93,

674 3449 769 3512 speaks
779 3449 808 3497 of
819 3449 864 3498 the
873 3449 935 3512 high
945 3457 1042 3498 esteem
1055 3450 1081 3496 in
1090 3447 1172 3496 which

675 3516 790 3564 Lucilius
813 3531 866 3564 was
889 3516 942 3565 still
962 3515 1023 3564 held
1041 3515 1075 3580 by
1095 3529 1173 3579 many

674 3581 701 3629 in
715 3581 756 3630 his
768 3581 825 3647 day.
835 3610 868 3617 -
877 3583 1060 3632 Lucretium:
1078 3581 1173 3629 author

675 3647 704 3696 of
726 3649 771 3698 the
789 3649 894 3698 famous
913 3647 1024 3697 didactic
1042 3663 1121 3712 poem
1144 3649 1174 3696 de

675 3716 773 3763 Rerum
792 3716 904 3772 Natura,
923 3730 956 3764 an
974 3715 1121 3778 exposition
1144 3713 1174 3762 of

675 3781 720 3830 the
749 3781 893 3844 Epicurean
920 3780 1084 3846 philosophy.
1129 3781 1173 3829 He

674 3847 743 3896 lived
758 3849 827 3896 from
845 3847 926 3896 about
942 3848 974 3912 98
994 3856 1021 3896 to
1040 3861 1069 3914 55
1083 3860 1174 3896 nc.—
