2784 4350
87 363 176 428 -10.3]
380 361 568 412 DIALOGVS
591 365 641 412 DE
663 364 907 412 ORATORIBVS.
1157 362 1187 414 17

88 531 234 607 mereri;
266 541 390 614 quanto
415 540 529 594 tamen
554 508 737 613 pulchrius
764 532 793 595 si
811 533 864 615 ,ita
888 553 941 595 res
965 532 1138 596 familiaris

88 639 212 722 exigat,
232 659 268 702 se
285 639 394 721 ipsum
412 639 529 715 colere,
549 660 647 703 suum
671 640 809 722 genium
834 640 1023 721 propitiare,
1043 660 1137 702 suam

89 748 234 830 experiri
261 747 520 811 liberalitatem!
580 748 689 811 Adice
718 749 806 830 quod
834 748 953 830 poetis,
984 747 1012 810 si
1039 748 1138 810 modo
1158 769 1188 803 10

88 857 229 938 dignum
246 855 369 938 aliquid
392 856 561 920 elaborare
584 865 618 919 et
640 856 772 919 efficere
788 856 903 930 velint,
922 856 1139 938 relinquenda

88 964 301 1028 conversatio
329 964 510 1027 amicorum
541 974 573 1027 et
603 964 793 1028 iucunditas
822 964 924 1038 urbiS,
954 965 1139 1027 deserenda

88 1082 202 1136 cetera
227 1072 344 1148 officia,
372 1082 475 1154 utque
501 1072 565 1154 ipsi
589 1072 716 1148 dicunt,
744 1072 778 1134 in
805 1092 942 1135 nemora
970 1082 1003 1135 et
1033 1072 1135 1147 lucos,

88 1182 124 1244 id
156 1190 207 1244 est
240 1180 274 1242 in
307 1180 522 1242 solitudinem
555 1181 778 1244 secedendum
812 1189 873 1243 est.
940 1180 991 1242 Ne
1024 1179 1136 1261 opinio
1151 1179 1186 1242 10

87 1288 225 1371 quidem
248 1289 401 1364 etfama,
426 1288 480 1351 cui
503 1288 565 1350 soli
588 1287 736 1351 serviunt
763 1297 796 1350 et
822 1289 910 1370 quod
935 1309 1038 1350 unum
1064 1308 1138 1350 esse

87 1395 235 1479 pretium
255 1396 363 1459 omnis
383 1396 505 1458 laboris
528 1396 580 1458 sui
602 1396 762 1470 fatentur,
780 1416 886 1478 aeque
903 1406 1020 1477 poetas
1037 1397 1136 1478 quam

616 1484 623 1496 ἱ

87 1514 238 1568 oratores
274 1504 435 1586 sequitur,
469 1504 626 1586 quoniam
662 1504 848 1567 mediocres
884 1514 1001 1585 poetas
1038 1525 1136 1566 nemo

87 1605 191 1680 novit,
218 1607 324 1668 bonos
350 1606 455 1686 pauci.
507 1605 650 1687 Quando
676 1605 765 1668 enim
789 1605 1032 1668 rarissimarum
1057 1606 1136 1669 reci·
1172 1636 1185 1670 2

86 1714 254 1777 tationum
283 1714 373 1776 fama
400 1713 435 1775 in
463 1722 569 1775 totam
595 1714 713 1776 urbem
739 1715 917 1795 penetrat?
951 1715 1073 1776 nedum
1100 1723 1136 1776 ut

86 1843 149 1905 per
176 1831 227 1884 tot
256 1821 444 1903 provincias
477 1821 690 1898 innotescat;
726 1831 848 1903 quotus
881 1822 1030 1904 quisque,
1060 1843 1136 1885 cum
1171 1845 1185 1894 3

86 1951 131 1993 ex
149 1930 315 2012 Hispania
330 1930 383 1992 vel
401 1929 486 1995 Asia
505 1937 559 2016 (ne
579 1929 719 2012 quidde
740 1929 844 1992 Gallis
865 1930 988 1992 nostris
1009 1930 1135 2013 loquar)

86 2041 123 2102 in
140 2040 256 2102 urbem
273 2038 376 2113 venit,
393 2038 539 2102 Saleium
554 2040 696 2102 Bassum
713 2037 876 2120 requirit?
924 2038 1041 2120 Atque
1052 2039 1135 2101 adeo

87 2147 118 2211 si
135 2147 211 2230 quis
228 2146 374 2230 requirit,
394 2156 430 2210 ut
448 2147 552 2210 semel
568 2147 660 2222 vidit,
680 2146 801 2209 transit
819 2155 852 2210 et
869 2155 1050 2210 contentus
1073 2156 1133 2222 est,

86 2339 201 2387 colere:
218 2353 244 2385 se
255 2337 277 2386 is
293 2336 359 2400 obj.;
376 2339 460 2399 ipsum
479 2336 589 2401 subj.—
667 2337 696 2386 a.
716 2336 939 2395 rarissimarum,
956 2338 997 2384 tlte
1013 2338 1135 2395 clteicest;

86 2404 207 2469 genium
227 2418 312 2453 suum
332 2404 496 2467 propitiare,
515 2404 588 2452 make
638 2403 671 2452 cf.
689 2403 732 2452 for
751 2403 803 2451 this
825 2418 880 2451 rare
900 2402 1022 2465 meaning
1042 2404 1072 2451 oi
1092 2404 1135 2452 the

37 2492 40 2497 ’
84 2471 251 2533 one'sgem'us
254 2472 405 2532 propitians.
434 2470 588 2533 Thegenr'us
639 2468 718 2526 word,
728 2470 909 2531 Agr.4mater
917 2473 1135 2521 raraecastt'tatr's:

84 2553 139 2586 was
161 2536 205 2585 the
223 2537 334 2601 tutelary
352 2535 423 2601 deity
440 2535 532 2594 which,
549 2552 588 2585 ac·
638 2537 800 2597 7rarissima
810 2537 1095 2586 materaria-nedum
1103 2545 1135 2586 ut

84 2604 196 2666 cording
208 2612 236 2652 to
249 2603 294 2652 the
308 2604 410 2651 Roman
423 2603 586 2667 conception,
639 2604 811 2661 innotescat,
820 2605 877 2650 still
886 2604 935 2650 less
945 2605 1001 2651 does
1013 2605 1034 2651 r't
1044 2604 1136 2651 become

83 2686 161 2721 came
172 2670 229 2718 into
242 2670 372 2718 existence
384 2669 446 2718 with
459 2670 503 2719 the
518 2669 586 2718 birth
636 2670 748 2724 knmon:
767 2670 873 2718 nedum
887 2678 919 2718 ut
934 2669 977 2717 for
992 2671 1093 2717 nedum.
1102 2699 1136 2706 -

83 2738 115 2787 of
139 2738 203 2786 each
226 2735 368 2786 individual
392 2736 444 2785 and
466 2735 587 2800 presided
638 2751 690 2801 per
710 2745 752 2786 tot
772 2736 945 2800 provincias,
967 2738 1076 2799 through
1095 2738 1137 2785 the

84 2820 151 2853 over
170 2804 210 2853 his
231 2803 334 2868 destiny
355 2803 448 2867 during
468 2804 529 2863 liie3
553 2803 586 2853 cf.
632 2806 775 2866 provinces,
794 2821 821 2851 so
839 2820 917 2866 many
935 2806 963 2850 in
982 2805 1136 2851 number.-

86 2873 155 2919 Hor.
169 2872 218 2932 Ep.
233 2871 269 2918 ll.
284 2884 305 2917 2.
321 2870 375 2931 187.
638 2880 745 2935 quotus
766 2872 898 2934 quisque,
920 2872 977 2918 how
989 2870 1063 2934 seeo!
1099 2870 1135 2918 So

122 2952 162 2986 ro.
181 2938 371 2996 conversatio,
393 2938 553 2994 intercourse,
571 2953 587 2986 a
637 2938 693 2987 also
721 2939 760 2987 26.
792 2952 829 2985 11.
842 2966 876 2973 -
889 2937 979 2986 Gallis
1007 2938 1135 2985 nostris:

83 3006 296 3069 post-Augustan
310 3019 389 3067 usage
404 3003 434 3051 of
451 3005 495 3052 the
508 3004 586 3052 word.
638 3006 710 3069 Aper
721 3004 826 3054 himself
845 3020 897 3052 was
911 3019 927 3051 a
939 3004 1014 3052 Gaul.
1051 3004 1100 3052 See
1113 3018 1135 3051 2.

83 3080 216 3134 —utque
229 3071 286 3135 ipsi
303 3071 410 3129 dicunt,
424 3071 453 3119 in
468 3085 586 3119 nemora
640 3085 683 3119 1n.
696 3071 748 3119 and
763 3073 833 3128 Intn,
846 3087 871 3133 p.
885 3087 925 3117 xv.

85 3146 115 3187 et
134 3138 234 3187 lucos:
252 3138 284 3186 cf.
305 3138 369 3185 Hor.
388 3139 438 3199 Ep.
458 3138 493 3185 ΙΙ.
513 3151 535 3184 2.
554 3150 584 3198 77
669 3153 694 3199 3.
713 3146 745 3188 ut
758 3138 850 3187 semel
861 3138 948 3185 vidit:
966 3137 998 3185 cf.
1007 3138 1052 3186 the
1064 3145 1136 3201 story

83 3207 239 3266 scriptorum
254 3206 347 3253 chorus
365 3206 448 3252 omnis
459 3211 532 3251 amat
547 3220 587 3252 ne·
636 3204 662 3253 in
676 3205 757 3269 Pliny,
771 3206 820 3266 Ep.
836 3205 872 3252 ΙΙ.
886 3220 908 3269 3.
921 3204 945 3260 8,
958 3204 987 3251 of
999 3204 1043 3252 the
1057 3204 1137 3266 Span-

83 3288 146 3319 mus
161 3278 185 3319 et
194 3273 269 3335 fugit
286 3272 380 3319 urbem.
636 3271 691 3320 iard
700 3272 765 3319 who
783 3270 929 3336 joumeyed
947 3279 975 3319 to
995 3271 1079 3318 Rome
1095 3270 1136 3318 for

121 3335 165 3393 10.
190 3338 296 3401 opinio,
313 3339 473 3400 reputation;
491 3337 517 3386 in
534 3337 586 3387 this
637 3338 681 3386 the
704 3354 818 3402 purpose
842 3338 871 3387 of
897 3337 1039 3400 beholding
1064 3337 1135 3401 Livy,

83 3403 207 3453 absolute
227 3420 303 3455 sense
327 3406 587 3469 post-Augustan.-
637 3405 688 3453 and
701 3421 772 3468 upon
785 3406 875 3469 seeing
892 3406 945 3454 him
961 3403 1137 3467 immediately

84 3472 180 3534 quod:
199 3472 326 3522 attracted
346 3474 401 3521 into
420 3472 464 3520 the
482 3487 541 3520 case
557 3471 587 3520 of
637 3472 759 3521 returned
785 3473 871 3521 home.
884 3473 1067 3520 -vidissetz
1091 3471 1136 3519 the

83 3539 119 3586 its
146 3540 284 3602 predicate,
311 3541 585 3605 pretium-aeque
636 3539 782 3603 pluperfect
804 3540 872 3597 here,
891 3548 918 3588 at
936 3540 1056 3587 variance
1074 3537 1135 3585 with

83 3620 192 3669 quarn:
210 3608 252 3657 for
264 3624 342 3671 aeque
354 3625 383 3656 ac
390 3623 402 3665 ;
419 3607 541 3671 frequent
560 3606 586 3654 in
637 3607 682 3654 the
703 3608 777 3655 usual
801 3622 930 3670 sequence
951 3606 980 3654 of
1002 3614 1089 3653 tenses
1109 3604 1136 3650 in

82 3676 296 3738 post-Augustam
312 3674 396 3731 Latin,
410 3674 548 3738 especially
560 3673 586 3721 in
637 3674 739 3723 clauses
761 3674 790 3721 of
810 3674 862 3722 this
886 3681 953 3737 type,
974 3671 1136 3735 emphasizes

82 3742 206 3805 negative
229 3750 374 3798 sentences,
395 3756 437 3803 ng.
459 3742 529 3787 Aren.
549 3740 585 3787 Il.
638 3739 682 3788 the
707 3740 795 3788 unreal
819 3740 952 3788 character
974 3739 1004 3786 of
1026 3739 1070 3786 the
1094 3738 1137 3803 hy-

85 3822 116 3874 52
131 3808 204 3857 nihil
220 3824 296 3871 aeque
313 3808 537 3871 cavebaturquam
556 3822 587 3855 ne
637 3806 762 3869 pothesis.
788 3806 838 3855 See
846 3806 962 3863 Kiihner‚
971 3807 1028 3854 Lat.
1039 3807 1135 3863 Gram,

83 3877 179 3926 bellurn
193 3882 262 3924 metu
273 3875 408 3925 eluderent.
639 3874 675 3922 ΙΙ.
689 3874 703 3936 §
717 3886 772 3934 224,
787 3886 808 3937 5,
821 3873 900 3922 Anm.
913 3887 935 3938 3.
