2784 4350
195 357 228 406 20

197 957 231 1020 11

195 1636 208 1670 2

195 2178 209 2227 3

195 2393 210 2439 4

556 357 582 404 P.
604 356 785 405 CORNELII
807 357 936 405 TACITI
1189 354 1237 421 [10.
1251 371 1291 400 12-

244 534 278 586 et
301 524 407 587 nostri
429 524 552 587 saeculi
572 524 816 587 controversias
840 524 937 598 tueri,
956 524 989 585 in
1007 524 1128 605 quibus
1148 526 1291 609 [expres-

245 633 304 717 sis]
346 632 374 694 si
413 632 545 714 quando
585 651 725 695 necesse
768 632 811 694 sit
846 652 906 713 pro
941 632 1152 712 periclitante
1183 632 1289 695 amico

244 740 469 822 potentiorum
501 760 597 802 aures
626 740 808 816 offendere,
839 749 873 802 et
901 741 1041 822 probata
1068 741 1111 802 sit
1144 741 1228 803 fides
1257 752 1289 803 et

244 848 381 912 libertas
399 847 575 912 excusata’
1384 838 1385 841 ¹

294 957 389 1040 Quae
406 977 481 1020 cum
498 957 637 1020 dixisset
655 958 750 1039 Aper
765 958 883 1033 acrius
898 968 934 1020 ut
952 958 1090 1033 solebat,
1106 966 1138 1020 et
1156 958 1289 1020 intento

244 1085 310 1141 ore,
330 1065 490 1128 remissus
508 1074 541 1127 et
560 1064 738 1128 subridens
756 1066 931 1128 Maternus
950 1065 1161 1128 ‘Parantem’
1181 1066 1289 1148 inquit

245 1187 318 1237 ‘me
351 1194 418 1236 non
454 1173 563 1236 minus
599 1173 655 1236 diu
689 1193 847 1236 accusare
880 1183 1027 1236 oratores
1062 1195 1160 1256 quam
1195 1173 1291 1255 Aper

244 1283 432 1345 laudaverat
452 1282 535 1367 (fore
553 1281 641 1344 enim
658 1281 842 1344 arbitrabar
865 1291 901 1343 ut
923 1302 943 1344 a
964 1281 1154 1345 laudatione
1174 1302 1290 1345 eorum
1384 1354 1386 1371 Ι

243 1390 412 1471 digressus
437 1390 638 1452 detrectaret
663 1398 781 1470 poetas
805 1398 907 1471 atque
931 1389 1115 1453 carminum
1140 1391 1290 1454 studium

243 1499 483 1580 prosterneret)
518 1506 589 1560 arte
620 1499 763 1579 quadam
796 1497 970 1579 mitigavit,
1001 1499 1216 1561 concedendo
1250 1500 1291 1562 iis

244 1606 300 1688 qui
317 1625 434 1668 causas
451 1625 551 1688 agere
568 1626 635 1668 non
652 1614 801 1686 possent,
817 1614 853 1668 ut
869 1625 986 1668 versus
1003 1606 1162 1670 facerent.
1215 1608 1291 1690 Ego

242 1723 355 1777 autem
378 1713 464 1777 sicut
488 1713 522 1775 in
547 1713 656 1777 causis
681 1713 820 1795 agendis
846 1713 977 1776 efficere
1001 1713 1123 1795 aliquid
1148 1723 1182 1776 et
1207 1715 1291 1778 eniti
1384 1716 1385 1733 ²

243 1823 386 1885 fortasse
404 1842 550 1903 possum,
570 1822 617 1884 ita
633 1822 831 1885 recitatione
847 1822 1094 1903 tragoediarum
1111 1830 1144 1885 et
1159 1822 1291 1904 ingredi

242 1930 365 1993 famam
383 1929 574 2011 auspicatus
587 1951 671 2004 sum,
687 1950 762 1993 cum
779 1930 913 2012 quidem
931 1929 964 1992 in
984 1930 1153 1992 Neronem
1171 1931 1291 2012 impro

243 2039 320 2100 bam
347 2047 379 2100 et
407 2037 592 2100 studiorum
621 2057 754 2120 quoque
782 2057 875 2101 sacra
902 2037 1135 2118 profanantem
1160 2038 1291 2101 Vatinii
1384 2084 1386 2102 r

244 2146 429 2229 potentiam
452 2145 561 2229 fregi;
596 2155 629 2209 et
648 2146 748 2209 hodie
768 2146 796 2209 si
818 2145 897 2228 quid
921 2145 954 2208 in
977 2145 1074 2209 nobis
1095 2146 1235 2210 notitiae
1252 2168 1290 2211 ac

244 2255 388 2319 nominis
406 2264 468 2329 est,
487 2256 594 2337 magis
611 2255 755 2317 arbitror
773 2254 956 2318 carminum
980 2275 1079 2336 quam
1100 2254 1290 2318 orationum

245 2364 349 2446 gloria
365 2372 506 2445 partum.
557 2363 610 2427 Ac
629 2363 693 2425 iam
710 2383 764 2424 me
780 2362 963 2444 deiungere
985 2383 1004 2424 a
1025 2362 1152 2425 forensi
1176 2363 1290 2426 labore

244 2532 335 2581 nostri
348 2531 456 2580 saeculi
468 2548 473 2578 :
490 2546 519 2579 as
528 2530 646 2594 opposed
658 2537 686 2578 to
697 2530 741 2579 the
790 2530 938 2594 frequently
948 2530 975 2578 in
987 2530 1151 2592 expressions
1163 2530 1192 2577 of
1203 2530 1291 2593 begin-

244 2597 306 2663 days
319 2598 348 2646 of
360 2598 435 2654 Cato,
447 2597 490 2645 for
502 2598 626 2660 example.
791 2596 937 2659 ning.—in
951 2597 1099 2645 Neronem
1112 2596 1223 2645 Vatinii
1240 2612 1293 2660 po-

277 2664 321 2720 ll.
346 2679 404 2713 non
417 2665 513 2713 minus
532 2665 630 2722 dinae
646 2680 678 2711 no
693 2665 741 2711 less
791 2664 922 2721 tentiam,
952 2663 1092 2710 Vatinius's
1114 2670 1205 2724 power
1229 2680 1291 2711 over

243 2732 592 2795 ungit—prosterneret:
616 2746 633 2779 a
649 2738 740 2792 strong
789 2732 877 2786 Nero;
900 2728 932 2777 cf.
952 2729 1005 2777 Cic.
1023 2731 1053 2776 de
1070 2730 1131 2790 Rep.
1151 2730 1187 2777 ll.
1206 2744 1239 2793 49
1260 2732 1290 2778 in

244 2797 322 2854 word,
343 2799 453 2859 trample
476 2800 504 2845 in
527 2799 568 2845 the
590 2798 655 2852 duri,
677 2795 739 2844 with
785 2798 1215 2859 populosperpetuampotestatem
1234 2797 1291 2844 ΙΙΙ.

243 2865 365 2913 sarcastic
388 2864 499 2914 allusion
528 2872 556 2912 to
580 2864 673 2927 Aper's
695 2863 740 2911 im·
791 2865 863 2927 ²3.1'n
871 2864 996 2925 populum
1013 2864 1079 2911 vitoe
1093 2864 1208 2925 necisque
1219 2871 1291 2925 pote-

243 2930 381 2995 petuosity.
789 2937 876 2978 statem
885 2929 1184 2978 habent-studiorum
1194 2944 1289 2989 sacra,

276 3013 300 3045 2.
320 2998 394 3047 sicut
405 3033 412 3046 .
423 3033 429 3045 .
441 3033 447 3045 .
458 2998 510 3046 ita:
526 2997 570 3045 the
580 2996 740 3046 sieueelause
789 2998 831 3045 the
847 2997 937 3045 sacred
948 2998 1071 3057 province
1091 2996 1122 3059 os
1134 2997 1271 3046 literature
1278 3014 1291 3054 ,·

243 3064 290 3113 has
300 3064 448 3113 concessive
456 3064 541 3123 force;
560 3063 592 3112 cf.
603 3077 642 3127 37.
653 3076 665 3127 5
675 3078 740 3126 quoe
789 3063 822 3111 cf.
832 3063 921 3123 Quint.
932 3064 965 3110 X.
977 3076 1037 3125 ¹·92
1047 3079 1120 3110 sacra
1129 3064 1290 3111 litterarum.

243 3132 390 3179 malosi'cut
406 3147 456 3178 non
474 3131 584 3179 accidere
600 3131 740 3179 meliusest
787 3130 954 3179 -Vatiniiz
978 3144 1028 3177 one
1047 3130 1078 3176 of
1100 3129 1145 3178 the
1163 3139 1242 3178 worst
1261 3132 1293 3178 of

243 3233 249 3244 .
263 3233 268 3245 .
282 3233 288 3245 .
301 3200 337 3245 ita
352 3214 408 3245 cum
425 3198 571 3254 acciderent,
584 3196 668 3245 where
680 3196 737 3244 also

788 3196 833 3244 the
855 3196 980 3244 favorites
1003 3196 1032 3244 of
1056 3198 1135 3244 Nero.
1178 3197 1290 3246 Tacitus
1384 3201 1385 3244 l

243 3280 280 3313 we
303 3264 369 3313 have
392 3263 437 3312 the
459 3263 603 3328 pleonastic
625 3265 690 3311 sicut
711 3263 737 3310 in

242 3332 315 3393 place
325 3331 354 3379 of
365 3331 409 3379 the
418 3330 510 3393 simple
518 3337 587 3377 ut—
594 3338 655 3378 arte
668 3344 737 3392 qua·

243 3399 323 3446 dam:
342 3397 443 3446 further
461 3396 598 3460 explained
617 3396 652 3461 by
669 3410 738 3444 con·

243 3465 371 3513 cedendo
388 3472 420 3513 ut
437 3477 540 3512 versus
560 3464 739 3511 facerent.-

243 3531 320 3588 eniti,
341 3531 491 3591 accomplisli
516 3531 545 3592 by
568 3530 738 3592 effora—in-

242 3596 322 3659 gredi
341 3596 510 3659 auspicatus
531 3610 611 3645 sum:
631 3595 674 3643 for
692 3596 737 3644 the

241 3664 377 3725 pleonasm
396 3662 427 3710 cf.
447 3677 469 3726 3.
488 3676 537 3727 3n.
555 3669 688 3710 maturare
697 3664 738 3726 fe-

241 3732 326 3787 stino;
358 3730 414 3778 Ger.
446 3728 475 3777 18
504 3730 566 3789 ipsis
594 3730 739 3790 incipientis

242 3797 404 3843 matrimonii
415 3796 537 3857 auspiciis
543 3809 554 3851 ;
572 3796 643 3841 Ann.
658 3796 737 3842 XIII.

244 3875 274 3910 10
286 3863 448 3924 principium
467 3863 535 3909 anni
551 3862 689 3923 inci'peret;
707 3876 738 3910 so

788 3278 847 3328 says
864 3262 893 3309 of
910 3262 963 3310 him
981 3263 1127 3319 elsewhere,
1140 3266 1211 3311 Ann.
1225 3265 1291 3312 XV.

788 3344 828 3393 34,
851 3330 969 3377 Vatinius
986 3332 1054 3378 inter
1062 3329 1215 3393 foedissima
1233 3333 1293 3378 eius

787 3397 862 3444 aulae
884 3403 977 3444 ostento
992 3398 1057 3460 fuit.
1094 3397 1215 3459 Nothing
1234 3397 1290 3445 fur-

789 3463 847 3510 ther
863 3462 886 3511 is
903 3462 999 3510 known
1020 3463 1049 3511 of
1068 3463 1113 3511 the
1133 3478 1240 3512 success
1261 3465 1294 3511 of

789 3530 925 3577 Maternus
937 3528 998 3577 here
1011 3528 1123 3577 referred
1136 3537 1171 3578 to.

821 3609 844 3655 3.
861 3596 955 3654 nobis,
985 3596 1113 3653 notitiae,
1142 3596 1291 3645 nominis:

787 3661 950 3710 alliteration.
988 3663 1038 3711 See
1056 3662 1120 3710 lntr.
1138 3678 1163 3725 p.
1181 3663 1243 3710 xxii.
1256 3692 1294 3699 —

789 3737 903 3791 partum
916 3745 922 3775 :
940 3746 972 3776 sc.
984 3745 1040 3778 esse.

817 3810 841 3855 4.
855 3794 1292 3860 deiungerezfoundonlyherein

790 3862 834 3909 the
850 3861 985 3924 figurative
996 3878 1079 3912 sense.
1087 3863 1293 3914 -comitatus
