2784 4350
234 375 266 424 26
583 374 609 420 P.
632 372 813 421 CORNELII
838 373 967 420 TACITI
1238 372 1284 437 [ll.
1300 387 1324 415 r-

284 553 345 619 est,
358 541 613 624 suspicatusque
625 561 664 604 ex
675 541 747 622 ipsa
757 541 945 604 intentione
955 541 1163 623 singulorum
1176 542 1323 604 altiorem

235 671 248 705 2
284 651 372 713 inter
397 671 454 712 eos
480 669 555 712 esse
580 668 778 724 sermonem,
808 649 917 711 ‘Num
943 669 1060 731 parum
1085 649 1321 730 tempestivus’

284 758 391 840 inquit
411 757 596 820 ‘interveni
616 767 784 820 secretum
801 757 977 820 consilium
994 766 1028 819 et
1050 777 1171 820 causae
1188 757 1323 821 alicuius

283 866 534 928 meditationem
553 865 799 928 tractantibus?
812 863 819 887 ’

235 995 249 1044 3
333 973 500 1048 ‘Minime
535 972 689 1036 minime’
732 973 839 1055 inquit
873 972 1058 1047 Secundus
1094 983 1214 1056 ‘atque
1246 975 1324 1036 adeo

283 1081 402 1143 vellem
423 1081 585 1144 maturius
608 1081 871 1157 intervenisses;
903 1081 1104 1144 delectasset
1126 1082 1216 1144 enim
1239 1091 1326 1145 teet

284 1189 370 1270 Apri
395 1189 501 1252 nostri
525 1189 795 1252 accuratissimus
821 1209 939 1264 sermo,
965 1211 1040 1253 cum
1066 1190 1270 1265 Maternum,
1292 1200 1325 1252 ut

284 1318 383 1360 omne
409 1298 579 1380 ingenium
606 1319 644 1361 ac
670 1298 818 1361 studium
845 1319 942 1360 suum
967 1299 1009 1360 ad
1038 1318 1155 1361 causas
1181 1300 1326 1380 agendas

284 1416 503 1481 converteret,
523 1406 718 1469 exhortatus
741 1415 801 1481 est,
821 1416 854 1469 et
876 1406 1022 1469 Materni
1043 1426 1102 1488 pro
1125 1406 1326 1470 carminibus

285 1514 354 1576 suis
382 1514 469 1577 laeta
492 1523 595 1596 utque
621 1522 737 1596 poetas
763 1514 899 1577 defendi
925 1514 1074 1589 decebat,
1098 1514 1271 1577 ardentior
1296 1525 1327 1576 et

284 1631 457 1703 poetarum
474 1643 571 1703 quam
589 1630 756 1684 oratorum
775 1621 913 1685 similior
929 1621 1055 1685 oratio'

332 1732 408 1792 ‘Me
424 1729 522 1792 vero’
547 1730 654 1812 inquit
679 1742 807 1793 ‘sermo
825 1730 889 1793 iste
906 1730 1036 1792 infinita
1051 1731 1223 1812 voluptate
1241 1732 1329 1794 adfe-

284 1839 396 1914 cisset,
413 1848 514 1920 atque
532 1838 564 1900 id
582 1838 690 1919 ipsum
708 1839 862 1914 delectat,
882 1840 969 1920 quod
985 1859 1055 1914 VOS,
1073 1839 1136 1901 viri
1155 1839 1277 1920 optimi
1297 1849 1329 1902 et

284 1947 402 2028 optimi
430 1956 616 2027 temporum
642 1955 832 2009 nostrorum
857 1955 1015 2022 oratores,
1042 1967 1109 2009 non
1137 1947 1330 2010 forensibus

284 2064 415 2117 tantum
437 2055 582 2136 negotiis
605 2064 638 2116 et
661 2055 897 2117 declamatorio
923 2054 1034 2117 studio
1058 2055 1194 2137 ingenia
1217 2066 1332 2119 vestra

284 2163 455 2239 exercetis,
475 2164 533 2226 sed
552 2162 730 2226 eiusmodi
753 2162 853 2226 etiam
873 2163 1118 2245 disputationes
1141 2164 1330 2240 adsumitis,

284 2292 369 2354 quae
397 2281 430 2333 et
460 2272 630 2353 ingenium
657 2272 750 2334 alunt
779 2281 813 2333 et
846 2272 1042 2335 eruditionis
1071 2293 1109 2336 ac
1140 2272 1332 2335 litterarum

284 2380 560 2442 iucundissimum
597 2379 881 2444 oblectamentum
917 2401 993 2443 curn
1028 2380 1133 2455 vobiS,
1172 2381 1231 2463 qui
1268 2381 1335 2443 ista

284 2486 473 2568 disputatis
502 2488 667 2562 adierunt,
696 2497 768 2550 tum
796 2488 897 2551 etiam
923 2488 964 2551 iis
993 2490 1034 2551 ad
1062 2509 1204 2571 quorum
1234 2510 1335 2552 aures

237 2616 250 2668 5
285 2595 508 2675 pervenerint.
568 2596 686 2677 Itaque
711 2595 823 2659 hercle
847 2617 915 2659 non
941 2596 1050 2659 minus
1076 2596 1208 2678 probari
1235 2597 1336 2660 video
1387 2635 1388 2662 1

285 2704 318 2765 in
338 2712 381 2777 te,
402 2704 566 2779 Secunde,
585 2705 673 2785 quod
698 2704 774 2766 Iulii
796 2704 950 2767 Africani
972 2704 1075 2766 vitam
1098 2708 1337 2786 componendo

285 2831 377 2892 spem
406 2811 597 2873 hominibus
626 2811 739 2874 iecisti
767 2812 911 2892 plurium
940 2812 1011 2875 eius
1041 2812 1130 2874 modi
1157 2812 1338 2889 librorum,

283 3002 399 3051 between
423 3002 567 3064 Vespasian
590 3001 641 3051 and
662 3003 782 3054 Vitellius
833 3016 937 3064 sermo,
950 3003 1051 3067 implies
1065 3019 1081 3052 a
1097 3004 1185 3054 loftier
1198 3006 1272 3070 style
1288 3006 1341 3054 and

283 3070 309 3117 in
322 3069 420 3131 69n.n.
454 3068 645 3135 Subsequently
656 3069 690 3118 he
702 3077 782 3117 wrote
833 3070 935 3118 choicer
954 3069 1176 3119 diction-cum
1200 3073 1343 3121 exhorta-

283 3151 317 3183 an
327 3142 437 3183 account
455 3135 484 3183 of
500 3135 542 3185 his
559 3136 717 3199 campaigns,
730 3134 782 3184 and
833 3144 881 3185 tus
904 3143 964 3185 est:
989 3137 1034 3185 the
1050 3138 1207 3185 cum-clause
1231 3138 1255 3186 is
1278 3138 1344 3187 here

283 3202 305 3251 is
322 3201 391 3250 cited
408 3201 442 3266 by
453 3202 560 3250 Tacitus
577 3217 605 3250 as
623 3217 674 3251 one
692 3202 721 3250 of
738 3202 783 3251 the
834 3202 1031 3265 “explicative,’'
1042 3202 1121 3265 being
1137 3203 1298 3267 equivalent
1316 3214 1344 3252 to

283 3268 381 3317 latter's
401 3283 506 3317 sources
525 3268 568 3317 for
592 3269 667 3318 Book
688 3269 732 3317 Ill
753 3268 783 3317 of
832 3268 1143 3331 aclauseinapposition
1152 3269 1216 3319 with
1227 3284 1345 3320 sermo.

284 3334 329 3383 the
340 3336 473 3384 Historias.
510 3334 559 3383 His
573 3343 687 3398 greatest
703 3336 781 3394 farne,
834 3336 884 3386 See
896 3334 1080 3393 Gildersleeve,
1094 3336 1148 3401 583.

283 3403 410 3461 however,
434 3418 486 3451 was
509 3418 538 3451 as
561 3418 594 3451 an
617 3411 719 3464 orator,
749 3404 781 3453 cf.
865 3421 890 3467 4.
913 3404 1063 3467 ingenium
1091 3404 1190 3453 alunt:
1221 3404 1257 3453 cf.
1288 3406 1346 3453 Cic
1385 3445 1386 3480 p

283 3471 351 3517 Hist.
372 3472 418 3518 IV.
437 3486 468 3532 42
489 3489 610 3536 magnam
629 3474 783 3536 eloqusntiae
832 3473 908 3520 Brut.
921 3472 1229 3536 126.—pervenerint:
1247 3473 1348 3521 future
1385 3489 1386 3502 ¹

282 3539 387 3601 samam
402 3540 783 3602 WpstanusMessallaadeptm
831 3538 931 3603 perfect
944 3538 1005 3597 ind,
1016 3541 1136 3604 adferent
1147 3539 1228 3603 being
1246 3540 1348 3589 under·
1385 3553 1386 3582 2

283 3611 359 3653 est-
365 3606 496 3654 altiorem
510 3620 681 3664 sermonem,
690 3609 783 3669 impor—
832 3606 910 3655 stood
922 3606 982 3654 with
996 3606 1041 3655 the
1053 3606 1214 3655 tumclause.

283 3678 341 3719 tant
361 3674 519 3729 discussion;
548 3672 580 3721 cl.
605 3675 672 3721 Hist.
695 3673 741 3720 IV.
768 3684 781 3737 5
865 3687 890 3735 5.
915 3673 969 3722 Iuli
993 3673 1137 3722 Africani:
1161 3688 1195 3721 an
1220 3675 1349 3723 eminent

283 3738 376 3786 altr'ora
398 3740 501 3796 studia,¹
530 3738 619 3799 Quint.
638 3738 780 3799 111.8.42
832 3748 921 3787 orator
929 3739 959 3787 of
967 3740 1012 3788 the
1024 3739 1095 3803 reign
1104 3739 1134 3788 of
1142 3740 1225 3788 Nero.
1259 3742 1350 3802 Quin-

283 3805 361 3851 altt'or
372 3807 488 3867 quaestio.
833 3806 915 3863 tilian,
926 3807 959 3854 X.
976 3819 995 3853 1.
1009 3805 1062 3863 118,
1074 3806 1162 3869 places
1176 3806 1233 3855 him
1245 3806 1291 3873 by
1304 3809 1350 3856 the

317 3884 341 3931 3.
364 3870 464 3929 oratio,
489 3886 518 3919 as
547 3870 696 3921 contrasted
720 3871 782 3921 with
833 3871 888 3922 side
900 3872 929 3921 of
941 3872 986 3921 the
996 3871 1102 3923 famous
1112 3872 1250 3923 Domitius
1262 3875 1350 3933 Men
