2784 4350
209 366 243 416 40

562 371 588 417 P.
610 369 791 418 CORNELII
816 368 945 417 TACITI

1222 358 1304 419 [aaa
1387 324 1388 401 i

261 555 392 619 quoque
407 536 545 599 Calvum
559 535 766 599 intellexisse
779 535 858 618 quid
873 534 991 597 melius
1005 541 1105 607 esset,
1121 551 1184 594 nec
1197 530 1304 593 volun-

260 653 364 707 tatem
391 644 524 727 ei,xquo
547 644 657 707 minus
683 644 858 707 sublimius
883 651 916 705 et
943 642 1064 706 cultius
1089 640 1227 713 diceret,
1251 639 1304 701 sed

226 775 240 822 7
260 752 432 835 ingenium
449 773 487 816 ac
504 751 592 815 vires
610 752 769 815 defuisse.

820 752 934 835 Quid?
984 752 1035 812 Ex
1053 746 1221 812 Caelianis
1241 767 1304 809 ora-

260 861 407 924 tionibus
426 880 546 943 nempe
569 880 628 924 eae
649 861 792 943 placent,
813 860 882 923 sive
905 859 1080 922 universae
1102 856 1172 919 sive
1197 864 1304 937 partes

260 990 382 1044 earum,
402 969 436 1032 in
455 969 576 1053 quibus
593 969 737 1033 nitorem
758 979 791 1032 et
812 968 1024 1035 altitudinem
1044 967 1162 1030 horum
1184 975 1306 1047 tempo-

226 1087 333 1141 8rum
361 1078 607 1159 adgnoscimus
672 1078 807 1142 Sordes'
824 1087 936 1141 autem
966 1077 1041 1139 illae
1069 1076 1247 1138 verborum
1275 1083 1305 1135 et

260 1185 357 1248 hians
378 1185 576 1267 compositio
602 1195 635 1248 et
660 1186 823 1249 inconditi
848 1205 967 1248 sensus
992 1184 1143 1248 redolent
1168 1184 1306 1265 antiqui-

226 1303 392 1369 9tatem;
433 1313 495 1357 nec
531 1314 731 1376 quemquam
768 1294 850 1357 adeo
885 1292 1110 1376 antiquarium
1150 1300 1233 1373 puto
1272 1301 1306 1353 ut

213 1423 243 1458 10
262 1402 412 1466 Caelium
437 1421 478 1464 ex
502 1421 542 1464 ea
569 1411 663 1483 parte
692 1401 805 1463 laudet
832 1421 898 1483 qua
921 1399 1078 1482 antiquus
1104 1409 1166 1462 est.
1226 1400 1308 1462 Con-

262 1512 420 1575 cedamus
453 1530 533 1573 sane
567 1510 604 1573 C.
636 1509 771 1573 Caesari
804 1518 840 1571 ut
874 1517 1011 1591 propter
1042 1508 1308 1589 magnitudinem

263 1618 505 1701 cogitationum
523 1627 556 1681 et
573 1618 810 1700 occupationes
824 1637 933 1680 rerum
946 1617 1057 1679 minus
1071 1617 1104 1679 in
1118 1616 1310 1699 eloquentia

262 1727 414 1790 effecerit
437 1747 536 1809 quam
559 1726 709 1789 divinum
732 1726 804 1789 eius
827 1726 999 1808 ingenium
1021 1725 1222 1807 postulabat,
1242 1734 1310 1787 tam

263 1834 376 1899 hercle
408 1855 507 1917 quam
541 1835 683 1897 Brutum
716 1834 946 1916 philosophiae
975 1854 1055 1897 suae
1082 1833 1310 1916 relinquamus

265 1948 354 2030 (nam
387 1942 421 2004 in
454 1942 661 2006 orationibus
694 1942 858 2005 minorem
890 1943 965 2005 esse
997 1941 1085 2004 fama
1117 1961 1178 2003 sua
1209 1941 1311 2003 etiam

213 2072 239 2106 11
261 2050 479 2113 admiratores
511 2050 583 2113 eius
615 2050 803 2131 fatentur):
839 2048 903 2112 nisi
931 2049 1019 2111 forte
1050 2048 1228 2130 quisquam
1255 2057 1311 2111 aut

264 2158 418 2223 Caesaris
447 2180 507 2240 pro
536 2157 642 2222 Decio
672 2157 825 2222 Samnite
853 2165 910 2220 aut
941 2156 1035 2220 Bruti
1063 2177 1122 2238 pro
1150 2156 1312 2220 Deiotaro

261 2287 341 2349 rege
364 2276 561 2348 ceterosque
584 2266 734 2329 eiusdem
759 2265 971 2329 lentitudinis
996 2287 1034 2328 ac
1058 2266 1184 2346 teporis
1209 2265 1314 2328 libros

213 2396 241 2432 12
260 2375 353 2457 legit,
372 2374 438 2437 nisi
457 2374 515 2456 qui
535 2383 568 2436 et
589 2374 737 2436 carmina
756 2375 938 2436 eorundem
961 2373 1100 2435 miratur
1116 2394 1124 2449 ;
1156 2372 1313 2436 fecerunt

262 2483 350 2546 enim
383 2492 415 2544 et
449 2481 597 2545 carmina
624 2490 657 2544 et
688 2481 723 2543 in
751 2481 971 2544 bibliothecas
1000 2482 1214 2556 rettulerunt,
1246 2502 1316 2544 non

293 2659 317 2705 6.
337 2671 395 2720 quo
410 2656 517 2705 minus:
532 2661 560 2703 to
572 2654 605 2704 be
617 2654 760 2704 connected

260 2723 321 2771 with
339 2723 383 2771 the
399 2722 493 2770 notion
509 2721 539 2769 of
555 2721 709 2784 prevention
726 2722 761 2770 in-

260 2789 355 2838 volved
371 2789 397 2837 in
416 2789 596 2838 voluntatem
615 2787 760 2837 defuisse:

260 2856 345 2905 ‘That
360 2871 395 2904 no
410 2854 469 2903 lack
485 2854 514 2903 of
530 2853 601 2916 good
616 2854 760 2903 intentioris

258 2921 401 2986 prevented
422 2921 463 2970 his
484 2920 627 2984 speaking,’
642 2928 706 2980 etc.;
728 2920 759 2969 cf.

260 3004 282 3053 3.
300 3003 316 3050 4
335 2991 433 3037 satiant
452 2989 612 3051 quominus.
649 2988 691 3036 On
712 3004 762 3051 quo

259 3058 348 3104 minus
360 3055 402 3102 for
414 3056 478 3118 quin
490 3069 534 3103 see
548 3069 571 3118 3.
587 3068 632 3102 rn.

292 3137 316 3184 7.
337 3121 499 3171 Caelianis:
518 3120 563 3169 the
576 3120 681 3169 Caelius
693 3136 762 3168 men-

260 3187 477 3249 tionedin17.1.
561 3215 568 3228 r

292 3259 317 3304 8.
344 3255 420 3313 illae,
456 3256 513 3303 that
545 3254 715 3302 well-known.
728 3282 762 3290 —

259 3322 344 3371 hians
368 3321 543 3385 compositio
568 3329 597 3370 et
622 3321 761 3369 inconditi

260 3403 375 3448 sensus,
400 3389 537 3451 diminuet
560 3396 687 3436 structure
709 3389 765 3436 and

259 3457 358 3517 clumsy
363 3456 476 3518 periods.
514 3457 567 3503 For
578 3471 665 3502 sensus
677 3454 710 3503 ci.
722 3468 760 3502 20.

261 3523 478 3586 5n.—redolent
493 3521 712 3584 antiquitatem:
730 3536 761 3569 so

259 3589 315 3636 also
330 3588 383 3636 Cic.
398 3590 474 3636 Brut.
488 3588 528 3636 82.

293 3669 318 3715 9.
340 3655 551 3718 antiquarium:
570 3654 626 3703 first
637 3653 722 3703 found
734 3653 760 3702 in

261 3721 305 3769 the
316 3722 444 3784 Dialogus
456 3719 508 3768 and
520 3719 585 3769 used
599 3721 626 3768 in
639 3720 761 3769 different

259 3803 367 3846 senses;
385 3787 454 3844 here,
470 3788 656 3850 old-fastioned
663 3803 674 3844 ,¹
693 3799 732 3850 37.
746 3801 759 3834 2

259 3856 400 3917 antiquary
404 3869 416 3911 ;
426 3866 466 3914 42.
473 3867 487 3917 3
495 3854 612 3902 admirer
616 3855 649 3917 eff
649 3854 691 3902 the
692 3860 760 3915 past.

846 2669 884 2703 10.
910 2655 1130 2717 cogitationum,
1156 2655 1319 2718 projecte-

812 2735 924 2770 rerum:
948 2736 982 2769 sc.
993 2722 1167 2782 publicarum,
1180 2722 1276 2783 affairs
1292 2723 1323 2784 of

811 2787 1027 2836 stata—minus
1049 2823 1054 2834 .
1074 2823 1080 2834 .
1099 2822 1104 2834 .
1126 2787 1318 2850 postulabat:

811 2853 843 2902 cf.
858 2854 948 2914 Quint.
962 2855 995 2902 X.
1008 2867 1028 2900 1.
1044 2867 1091 2914 114
1105 2855 1132 2902 C.
1145 2869 1206 2901 vero
1221 2855 1320 2903 Caesar

811 2923 835 2968 si
843 2921 905 2984 soro
922 2927 1022 2968 tantum
1041 2927 1157 2977 vacasset,
1175 2937 1228 2968 non
1245 2923 1319 2968 alius

811 3004 843 3036 ex
861 2989 954 3035 uostris
969 2993 1057 3034 contra
1073 2988 1217 3036 Ciceronem
1236 2990 1320 3035 nomi-

812 3055 1116 3119 naretur.-Brutum:
1136 3067 1231 3114 see17.
1244 3067 1254 3100 1
1268 3071 1296 3102 n.

846 3134 885 3168 11.
902 3119 959 3168 nisi
971 3119 1045 3168 forte
1058 3119 1214 3182 quisquam
1227 3121 1320 3184 legit:

812 3187 960 3250 equivalent
977 3194 1005 3234 to
1027 3203 1099 3235 nemo
1119 3187 1187 3234 enim
1210 3188 1322 3249 legit.-

812 3268 863 3317 pro
884 3253 974 3302 Decio
995 3254 1138 3302 Samnite:
1162 3253 1280 3316 nothing
1298 3255 1322 3301 is

812 3321 907 3369 known
933 3320 964 3368 of
992 3321 1043 3370 this
1073 3321 1322 3385 speech-Bruti

812 3402 863 3451 pro
884 3389 1039 3437 Deiotaro:
1064 3389 1161 3438 Brutus
1182 3387 1323 3436 defended

813 3455 954 3503 Deiotarus
966 3454 1056 3503 before
1067 3455 1165 3503 Caesar
1177 3463 1205 3503 at
1216 3456 1323 3504 Nicaea

812 3521 838 3569 in
856 3534 886 3581 47
906 3521 1189 3570 rac-lentitudinis
1216 3536 1251 3570 ac
1279 3531 1323 3570 te-

812 3588 907 3651 poris:
937 3588 998 3653 only
1024 3588 1086 3636 here
1115 3603 1144 3636 as
1175 3587 1323 3636 rhetorical

812 3655 1001 3703 tems—nisi
1019 3655 1076 3717 qui,
1088 3655 1158 3703 otker
1170 3656 1237 3702 than.
1249 3657 1324 3702 those

811 3722 875 3768 who.

847 3801 885 3836 12.
905 3787 1108 3837 bibliothecas:
1126 3787 1231 3849 private
1242 3787 1324 3836 libra-

812 3853 862 3903 ries
880 3869 923 3902 are
942 3861 1037 3902 meant.
1073 3853 1131 3904 The
1150 3853 1209 3903 first
1229 3854 1323 3919 public
