2784 4350
124 361 171 406 -lo
189 352 227 418 11]
417 353 604 403 DIALOGVS
629 351 679 402 DE
704 351 949 404 ORATORIBVS.
1189 355 1222 407 29

174 523 271 584 ‘Non
295 520 403 585 enim'
430 520 537 604 inquit
560 521 655 603 Aper
681 521 887 584 ‘inauditum
904 531 938 584 et
959 521 1170 586 indefensum
1207 544 1221 597 5

125 630 294 694 saeculum
336 638 489 692 nostrum
529 629 636 711 patiar
675 630 738 692 hac
777 640 889 692 vestra
924 631 1171 712 conspiratione

124 738 282 802 damnari.
334 737 401 801 Sed
430 738 492 801 hoc
521 737 663 818 primum
688 738 913 820 interrogabo,
938 758 1021 821 quos
1043 741 1170 803 vocetis
1205 749 1222 798 6

124 847 291 929 antiquos,
321 867 420 928 quam
452 856 619 909 oratorum
652 856 797 910 aetatem
830 846 1075 929 significatione
1106 824 1171 913 isla

125 954 366 1018 determinetis.
418 957 492 1038 Ego
509 957 597 1019 enim
615 978 690 1021 cum
708 958 806 1021 audio
824 959 990 1040 antiquos,
1009 962 1170 1042 quosdam
1205 982 1219 1030 7

124 1074 257 1128 veteres
275 1073 308 1127 et
326 1065 403 1128 olim
425 1076 522 1130 natos
543 1068 713 1150 intelleg0,
732 1088 771 1132 ac
793 1068 874 1131 mihi
895 1077 1071 1132 versantur
1091 1079 1171 1133 ante

126 1175 240 1236 oculos
268 1174 383 1238 Vlixes
412 1196 450 1239 ac
478 1177 612 1252 Nestor,
640 1198 781 1259 quorum
806 1186 899 1241 aetas
924 1177 1013 1240 mille
1041 1177 1112 1241 lere
1137 1187 1170 1240 et

124 1285 285 1347 trecentis
302 1285 398 1347 annis
416 1287 584 1349 saeculum
601 1295 754 1349 nostrum
771 1285 959 1361 antecedit;
986 1295 1170 1349 vosautem
1204 1301 1220 1350 8

126 1393 391 1456 Demosthenem
404 1404 436 1456 et
451 1395 657 1479 Hyperidem
668 1393 837 1476 profertis,
850 1414 934 1477 quos
945 1394 1027 1457 satis
1038 1403 1170 1457 constat

127 1501 270 1583 Philippi
288 1512 320 1564 et
338 1502 523 1565 Alexandri
540 1503 748 1584 temporibus
765 1502 927 1577 floruisse,
943 1501 990 1565 ita
1006 1512 1120 1565 tamen
1134 1512 1169 1566 ut

125 1610 258 1692 utrique
274 1610 475 1691 superstites
492 1619 615 1674 essent.
668 1611 719 1673 Ex
735 1630 800 1692 quo
816 1619 954 1692 apparet
977 1631 1044 1673 non
1065 1611 1170 1673 multo
1204 1635 1220 1683 9

124 1719 238 1800 plures
255 1739 353 1800 quarn
371 1727 540 1782 trecentos
557 1739 663 1782 annos
684 1719 849 1781 interesse
866 1719 954 1781 inter
969 1727 1119 1781 nostram
1137 1728 1170 1781 et

125 1827 366 1890 Demosthenis
395 1836 563 1890 aetatem:
595 1829 683 1909 quod
713 1827 855 1908 spatium
886 1827 1046 1908 temporis
1075 1828 1103 1890 si
1129 1828 1169 1890 ad
1190 1850 1220 1884 10

124 1935 352 1999 infirmitatem
375 1955 550 2017 corporum
573 1944 763 1998 nostrorum
786 1934 921 2009 releras,
940 1934 1085 1998 fortasse
1101 1936 1170 1998 lon-

124 2064 204 2125 gum
221 2043 373 2107 videatur
388 2064 395 2119 ;
427 2044 455 2106 si
471 2045 512 2106 ad
529 2052 681 2106 naturam
700 2043 906 2106 saeculorum
923 2063 962 2106 ac
980 2052 1170 2124 respectum

124 2151 280 2215 immensi
302 2150 402 2215 huius
424 2151 506 2227 aevi,
524 2172 683 2235 perquam
706 2152 806 2215 breve
826 2160 860 2215 et
884 2150 917 2214 in
940 2151 1089 2234 proximo
1107 2162 1167 2217 est.

125 2260 213 2323 Nam
231 2260 268 2335 si,
287 2270 323 2323 ut
345 2260 464 2324 Cicero
487 2260 521 2323 in
545 2261 730 2323 Hortensio
753 2260 878 2336 scribit,
897 2260 926 2323 is
950 2269 1002 2323 est
1027 2282 1168 2347 magnus
1189 2283 1215 2353 rr

158 2460 182 2507 5.
206 2446 369 2494 nonenim:
387 2446 619 2509 ‘quitetrueforl
705 2460 729 2507 9.
755 2460 813 2494 non
840 2446 931 2496 multo
957 2446 1055 2510 plures
1081 2461 1168 2510 quam

123 2512 158 2560 do
167 2520 214 2559 not
222 2527 342 2575 propose‚
351 2513 620 2562 titel—inauditum:
672 2520 818 2561 trecentos
839 2526 949 2561 annos:
976 2514 1169 2563 Demosthenes

122 2579 231 2627 without
246 2595 262 2626 a
280 2579 407 2641 hearing;
431 2579 456 2626 in
475 2578 527 2627 this
545 2593 621 2627 sense
672 2578 724 2626 and
737 2578 884 2643 Hyperides
896 2578 956 2627 died
968 2579 994 2627 in
1007 2593 1054 2643 322
1069 2591 1127 2637 uc,
1136 2596 1168 2628 so

122 2653 171 2693 not
193 2644 277 2693 found
299 2644 389 2693 before
412 2645 526 2695 Tacitus.
563 2644 621 2693 The
672 2645 728 2693 that
744 2645 789 2693 the
801 2646 909 2693 interval
921 2660 974 2694 was
986 2646 1066 2711 really
1078 2662 1129 2695 one
1140 2647 1170 2695 ol

122 2712 218 2774 phrase
230 2713 363 2759 inauditus
374 2718 399 2759 et
410 2713 556 2775 indefensus
568 2726 620 2760 was
671 2711 759 2776 nearly
781 2725 831 2772 400
854 2727 935 2776 years.
978 2712 1028 2760 But
1052 2714 1168 2776 Aperis

121 2778 235 2841 perhaps
253 2793 270 2826 a
287 2777 388 2840 regular
405 2778 472 2840 legal
493 2778 619 2836 formula;

122 2846 142 2893 it
155 2860 247 2893 occurs
259 2844 315 2892 also
328 2844 353 2892 in
366 2846 435 2893 Ht'st.
450 2845 469 2892 1.
483 2844 510 2904 6,
525 2845 561 2892 11.
576 2858 606 2893 10
612 2862 618 2904 ;

121 2914 194 2960 Ann.
209 2912 244 2958 ΙΙ.
257 2925 296 2973 77.

155 2994 180 3042 7.
205 2979 291 3027 audio
320 2978 468 3041 antiquos:
497 2978 559 3027 hear
579 2978 620 3027 the

120 3048 197 3095 word
211 3045 482 3095 ancr'ents.-Vlixes
503 3059 536 3094 ac
559 3046 619 3095 Ne·

120 3122 200 3162 stor:
218 3113 262 3161 the
274 3120 345 3161 most
356 3112 459 3161 famous
472 3121 573 3161 orators
590 3112 620 3160 ol

120 3181 166 3228 the
181 3180 305 3229 Homeric
317 3180 497 3243 age—mille
516 3180 575 3229 fere
590 3187 618 3229 et

119 3247 259 3296 trecentis
272 3248 368 3296 annis:
382 3246 569 3296 Eratosthenes
578 3255 618 3295 set

122 3312 186 3377 1183
200 3325 249 3361 lac.
259 3328 288 3362 as
301 3315 345 3363 the
359 3313 419 3362 date
431 3314 460 3362 of
475 3313 519 3363 the
530 3314 576 3361 fall
589 3313 619 3361 ol

118 3381 198 3444 Troy.
227 3380 305 3428 From
313 3381 376 3429 then
387 3380 451 3430 until
461 3380 506 3429 the
515 3381 577 3429 time
589 3379 619 3427 ol

118 3446 616 3512 theDialograes(75n.u.)wouldbe1258

117 3514 274 3578 years—in
287 3513 370 3562 round
382 3514 504 3563 numbers
518 3528 588 3577 1300.

152 3583 177 3628 8.
201 3580 330 3643 utrique:
354 3580 400 3627 viz.
423 3581 616 3629 Demosthenes

116 3645 171 3695 and
195 3645 348 3711 Hyperides.
390 3647 442 3694 For
465 3647 510 3695 the
533 3647 616 3709 plural

115 3712 150 3761 cf.
169 3715 242 3761 Anu.
265 3712 313 3761 XI.
335 3726 345 3759 1
366 3714 481 3776 utrisque
499 3729 616 3761 accusan-

115 3780 177 3835 dir,·
202 3780 260 3827 Ger.
278 3780 556 3843 34.—superstites:
579 3794 614 3828 sc.

115 3846 240 3909 Philrppo
251 3852 275 3895 et
285 3846 444 3893 Alexandro.

671 2778 780 2827 anxious
793 2786 821 2826 to
833 2786 880 2841 put
893 2778 937 2826 the
947 2793 1005 2827 case
1015 2780 1168 2845 asstrongly

670 2860 700 2893 as
722 2844 845 2908 possible,
864 2844 917 2893 and
937 2860 968 2893 so
989 2846 1100 2894 chooses
1123 2847 1168 2895 the

670 2912 774 2960 smaller
782 2911 897 2960 number.
928 2912 1031 2974 Lipsius
1041 2912 1167 2961 emended

670 2978 715 3027 the
727 2986 847 3027 trecentos
864 2978 893 3026 of
905 2979 949 3027 the
962 2979 1041 3028 MSS.
1050 2987 1078 3028 to
1090 2981 1168 3042 quad·

670 3048 805 3109 ringentes,
815 3045 1019 3109 understanding
1025 3053 1129 3094 aetatem
1139 3055 1166 3094 to

670 3113 738 3161 refer
760 3120 788 3161 to
814 3114 858 3161 the
884 3112 975 3175 period
1001 3112 1030 3160 of
1056 3113 1168 3161 Demos·

670 3180 783 3229 thenes's
801 3180 914 3244 activity,
932 3187 979 3228 not
997 3187 1025 3227 to
1043 3179 1088 3227 the
1106 3178 1167 3228 date

669 3247 699 3294 of
710 3247 750 3296 his
762 3246 849 3295 death.

704 3328 743 3362 10.
769 3315 805 3362 ad
834 3321 1000 3377 respectum
1030 3313 1166 3361 immensi

668 3381 756 3430 huius
768 3380 849 3429 aevi:
866 3380 1018 3443 pleonastic,
1027 3379 1070 3427 lor
1078 3381 1115 3428 ad
1121 3381 1167 3427 im·

668 3463 784 3496 mensum
808 3448 854 3495 hoc
876 3460 1164 3510 aeruna—perquam

668 3516 755 3563 breve
768 3521 796 3563 et
809 3514 838 3563 in
851 3514 982 3577 proximo
994 3522 1054 3563 est:
1072 3513 1117 3562 the
1126 3528 1166 3561 ex-

667 3580 784 3643 pression
792 3580 814 3629 is
821 3580 972 3643 zeugmatic.
991 3579 1163 3643 Thespatium

667 3647 779 3704 isshort,
792 3646 839 3695 but
856 3646 876 3696 it
893 3646 916 3695 is
934 3646 979 3695 the
995 3654 1064 3695 aetas
1074 3647 1166 3694 Demo-

666 3714 763 3761 sthenis
774 3714 856 3762 which
869 3714 891 3762 is
903 3730 968 3762 near
977 3721 1007 3761 at
1016 3714 1094 3761 hand.

701 3794 741 3828 11.
765 3780 794 3828 in
807 3779 980 3828 Hortensio:
997 3780 1076 3827 alost
1089 3786 1164 3827 treat-

665 3846 704 3895 ise
716 3846 745 3895 of
756 3846 848 3895 Cicero
860 3845 960 3895 written
976 3846 1003 3895 in
1018 3845 1123 3894 defense
1135 3844 1164 3893 of
