<?xml version="1.0" encoding="UTF-8"?>
<!DOCTYPE html PUBLIC "-//W3C//DTD XHTML 1.0 Transitional//EN"
    "http://www.w3.org/TR/xhtml1/DTD/xhtml1-transitional.dtd">
<html xmlns="http://www.w3.org/1999/xhtml" xml:lang="en" lang="en">
 <head>
  <title>
</title>
<meta http-equiv="Content-Type" content="text/html;charset=utf-8" />
  <meta name='ocr-system' content='tesseract 3.04.00' />
  <meta name='ocr-capabilities' content='ocr_page ocr_carea ocr_par ocr_line ocrx_word'/>
</head>
<body>
  <div class='ocr_page' id='page_1' title='image "./dialogvsdeorato02benngoog_0063.png"; bbox 0 0 2784 4350; ppageno 0'>
   <div class='ocr_carea' id='block_1_1' title="bbox 173 344 264 410">
    <p class='ocr_par' dir='ltr' id='par_1_1' title="bbox 173 344 264 410">
     <span class='ocr_line' id='line_1_1' title="bbox 173 344 264 410; baseline 0.022 -24"><span class='ocrx_word' id='word_1_1' title='bbox 173 344 223 388; x_wconf 79' lang='grc'><strong>-17.</strong></span> <span class='ocrx_word' id='word_1_2' title='bbox 237 344 264 410; x_wconf 89' lang='grc'><strong>4]</strong></span> 
     </span>
    </p>
   </div>
   <div class='ocr_carea' id='block_1_2' title="bbox 459 347 992 396">
    <p class='ocr_par' dir='ltr' id='par_1_2' title="bbox 459 347 992 396">
     <span class='ocr_line' id='line_1_2' title="bbox 459 347 992 396; baseline 0.002 -3"><span class='ocrx_word' id='word_1_3' title='bbox 459 347 647 395; x_wconf 89' lang='lat' dir='ltr'><strong>DIALOGVS</strong></span> <span class='ocrx_word' id='word_1_4' title='bbox 672 348 722 394; x_wconf 86' lang='lat' dir='ltr'><strong>DE</strong></span> <span class='ocrx_word' id='word_1_5' title='bbox 747 347 992 396; x_wconf 87' lang='lat' dir='ltr'><strong>ORATORIBVS.</strong></span> 
     </span>
    </p>
   </div>
   <div class='ocr_carea' id='block_1_3' title="bbox 132 513 1269 1784">
    <p class='ocr_par' dir='ltr' id='par_1_3' title="bbox 132 513 1269 1784">
     <span class='ocr_line' id='line_1_3' title="bbox 174 513 1220 597; baseline 0.003 -23"><span class='ocrx_word' id='word_1_6' title='bbox 174 513 305 576; x_wconf 91' lang='lat' dir='ltr'><strong>occisus</strong></span> <span class='ocrx_word' id='word_1_7' title='bbox 323 522 384 587; x_wconf 88' lang='lat' dir='ltr'><strong>est,</strong></span> <span class='ocrx_word' id='word_1_8' title='bbox 403 533 468 595; x_wconf 91' lang='lat' dir='ltr'><strong>quo</strong></span> <span class='ocrx_word' id='word_1_9' title='bbox 485 534 573 576; x_wconf 89' lang='lat' dir='ltr'><strong>anno</strong></span> <span class='ocrx_word' id='word_1_10' title='bbox 590 514 686 576; x_wconf 89' lang='lat' dir='ltr'><strong>divus</strong></span> <span class='ocrx_word' id='word_1_11' title='bbox 704 515 883 597; x_wconf 86' lang='lat' dir='ltr'><strong>Augustus</strong></span> <span class='ocrx_word' id='word_1_12' title='bbox 907 515 940 576; x_wconf 97' lang='lat' dir='ltr'><strong>in</strong></span> <span class='ocrx_word' id='word_1_13' title='bbox 963 513 1074 579; x_wconf 92' lang='lat' dir='ltr'><strong>locum</strong></span> <span class='ocrx_word' id='word_1_14' title='bbox 1093 515 1220 577; x_wconf 88' lang='lat' dir='ltr'>Pansae</span> 
     </span>
     <span class='ocr_line' id='line_1_4' title="bbox 173 601 1269 704; baseline 0.004 -22"><span class='ocrx_word' id='word_1_15' title='bbox 173 630 207 682; x_wconf 91' lang='lat' dir='ltr'><strong>et</strong></span> <span class='ocrx_word' id='word_1_16' title='bbox 235 621 340 682; x_wconf 81' lang='lat' dir='ltr'><strong>Hirtii</strong></span> <span class='ocrx_word' id='word_1_17' title='bbox 366 641 403 683; x_wconf 92' lang='lat' dir='ltr'><strong>se</strong></span> <span class='ocrx_word' id='word_1_18' title='bbox 428 631 461 683; x_wconf 88' lang='lat' dir='ltr'><strong>et</strong></span> <span class='ocrx_word' id='word_1_19' title='bbox 488 622 529 704; x_wconf 80' lang='lat' dir='ltr'><strong>Q.</strong></span> <span class='ocrx_word' id='word_1_20' title='bbox 559 623 695 684; x_wconf 89' lang='lat' dir='ltr'><strong>Pedium</strong></span> <span class='ocrx_word' id='word_1_21' title='bbox 721 624 876 685; x_wconf 91' lang='lat' dir='ltr'><strong>consules</strong></span> <span class='ocrx_word' id='word_1_22' title='bbox 900 623 1047 686; x_wconf 87' lang='lat' dir='ltr'><strong>suffecit.</strong></span> <span class='ocrx_word' id='word_1_23' title='bbox 1099 601 1219 686; x_wconf 83' lang='lat' dir='ltr'>Statue</span> <span class='ocrx_word' id='word_1_24' title='bbox 1254 643 1269 694; x_wconf 90' lang='lat'>3</span> 
     </span>
     <span class='ocr_line' id='line_1_5' title="bbox 174 729 1219 813; baseline 0.001 -21"><span class='ocrx_word' id='word_1_25' title='bbox 174 749 232 792; x_wconf 90' lang='lat' dir='ltr'><strong>sex</strong></span> <span class='ocrx_word' id='word_1_26' title='bbox 250 738 281 791; x_wconf 93' lang='lat' dir='ltr'><strong>et</strong></span> <span class='ocrx_word' id='word_1_27' title='bbox 299 729 542 811; x_wconf 86' lang='lat' dir='ltr'><strong>quinquaginta</strong></span> <span class='ocrx_word' id='word_1_28' title='bbox 558 751 674 805; x_wconf 91' lang='lat' dir='ltr'><strong>annos,</strong></span> <span class='ocrx_word' id='word_1_29' title='bbox 693 731 815 813; x_wconf 92' lang='lat' dir='ltr'><strong>quibus</strong></span> <span class='ocrx_word' id='word_1_30' title='bbox 831 751 908 794; x_wconf 90' lang='lat' dir='ltr'><strong>mox</strong></span> <span class='ocrx_word' id='word_1_31' title='bbox 926 731 1022 793; x_wconf 89' lang='lat' dir='ltr'><strong>divus</strong></span> <span class='ocrx_word' id='word_1_32' title='bbox 1040 731 1219 813; x_wconf 86' lang='lat' dir='ltr'><strong>Augustus</strong></span> 
     </span>
     <span class='ocr_line' id='line_1_6' title="bbox 173 836 1219 920; baseline 0.001 -21"><span class='ocrx_word' id='word_1_33' title='bbox 173 857 242 900; x_wconf 92' lang='lat' dir='ltr'><strong>rem</strong></span> <span class='ocrx_word' id='word_1_34' title='bbox 260 836 427 918; x_wconf 85' lang='lat' dir='ltr'><strong>publicam</strong></span> <span class='ocrx_word' id='word_1_35' title='bbox 441 838 534 913; x_wconf 90' lang='lat' dir='ltr'><strong>rexit,</strong></span> <span class='ocrx_word' id='word_1_36' title='bbox 549 838 642 901; x_wconf 90' lang='lat' dir='ltr'><strong>adice</strong></span> <span class='ocrx_word' id='word_1_37' title='bbox 656 839 783 901; x_wconf 91' lang='lat' dir='ltr'><strong>Tiberii</strong></span> <span class='ocrx_word' id='word_1_38' title='bbox 796 848 865 902; x_wconf 92' lang='lat' dir='ltr'><strong>tres</strong></span> <span class='ocrx_word' id='word_1_39' title='bbox 879 848 912 901; x_wconf 92' lang='lat' dir='ltr'><strong>et</strong></span> <span class='ocrx_word' id='word_1_40' title='bbox 925 838 1054 920; x_wconf 90' lang='lat' dir='ltr'><strong>viginti,</strong></span> <span class='ocrx_word' id='word_1_41' title='bbox 1070 847 1103 901; x_wconf 92' lang='lat' dir='ltr'><strong>et</strong></span> <span class='ocrx_word' id='word_1_42' title='bbox 1116 859 1219 920; x_wconf 88' lang='lat' dir='ltr'><strong>prope</strong></span> 
     </span>
     <span class='ocr_line' id='line_1_7' title="bbox 172 946 1217 1029; baseline 0.004 -22"><span class='ocrx_word' id='word_1_43' title='bbox 172 946 427 1028; x_wconf 89' lang='lat' dir='ltr'><strong>quadriennium</strong></span> <span class='ocrx_word' id='word_1_44' title='bbox 454 947 525 1021; x_wconf 87' lang='lat' dir='ltr'><strong>Gai,</strong></span> <span class='ocrx_word' id='word_1_45' title='bbox 552 967 590 1010; x_wconf 90' lang='lat' dir='ltr'><strong>ac</strong></span> <span class='ocrx_word' id='word_1_46' title='bbox 615 947 666 1010; x_wconf 94' lang='lat' dir='ltr'><strong>bis</strong></span> <span class='ocrx_word' id='word_1_47' title='bbox 691 957 872 1029; x_wconf 91' lang='lat' dir='ltr'><strong>quaternos</strong></span> <span class='ocrx_word' id='word_1_48' title='bbox 897 948 1002 1010; x_wconf 92' lang='lat' dir='ltr'><strong>denos</strong></span> <span class='ocrx_word' id='word_1_49' title='bbox 1028 947 1160 1010; x_wconf 90' lang='lat' dir='ltr'><strong>Claudii</strong></span> <span class='ocrx_word' id='word_1_50' title='bbox 1184 956 1217 1011; x_wconf 90' lang='lat' dir='ltr'><strong>et</strong></span> 
     </span>
     <span class='ocr_line' id='line_1_8' title="bbox 173 1054 1219 1136; baseline 0 -20"><span class='ocrx_word' id='word_1_51' title='bbox 173 1054 319 1117; x_wconf 92' lang='lat' dir='ltr'><strong>Neronis</strong></span> <span class='ocrx_word' id='word_1_52' title='bbox 337 1074 452 1128; x_wconf 88' lang='lat' dir='ltr'><strong>annos,</strong></span> <span class='ocrx_word' id='word_1_53' title='bbox 468 1064 568 1136; x_wconf 88' lang='lat' dir='ltr'><strong>atque</strong></span> <span class='ocrx_word' id='word_1_54' title='bbox 586 1054 677 1117; x_wconf 92' lang='lat' dir='ltr'><strong>illum</strong></span> <span class='ocrx_word' id='word_1_55' title='bbox 693 1055 818 1118; x_wconf 90' lang='lat' dir='ltr'><strong>Galbae</strong></span> <span class='ocrx_word' id='word_1_56' title='bbox 835 1064 870 1118; x_wconf 90' lang='lat' dir='ltr'><strong>et</strong></span> <span class='ocrx_word' id='word_1_57' title='bbox 884 1055 1030 1118; x_wconf 91' lang='lat' dir='ltr'><strong>Othonis</strong></span> <span class='ocrx_word' id='word_1_58' title='bbox 1044 1064 1077 1117; x_wconf 92' lang='lat' dir='ltr'><strong>et</strong></span> <span class='ocrx_word' id='word_1_59' title='bbox 1091 1055 1219 1117; x_wconf 88' lang='lat' dir='ltr'><strong>Vitellii</strong></span> 
     </span>
     <span class='ocr_line' id='line_1_9' title="bbox 170 1162 1218 1265; baseline 0.001 -41"><span class='ocrx_word' id='word_1_60' title='bbox 170 1162 308 1244; x_wconf 90' lang='lat' dir='ltr'><strong>longum</strong></span> <span class='ocrx_word' id='word_1_61' title='bbox 335 1172 367 1225; x_wconf 93' lang='lat' dir='ltr'><strong>et</strong></span> <span class='ocrx_word' id='word_1_62' title='bbox 393 1183 496 1225; x_wconf 89' lang='lat' dir='ltr'><strong>unum</strong></span> <span class='ocrx_word' id='word_1_63' title='bbox 520 1184 654 1238; x_wconf 91' lang='lat' dir='ltr'><strong>annum,</strong></span> <span class='ocrx_word' id='word_1_64' title='bbox 679 1185 718 1226; x_wconf 89' lang='lat' dir='ltr'><strong>ac</strong></span> <span class='ocrx_word' id='word_1_65' title='bbox 743 1173 872 1227; x_wconf 86' lang='lat' dir='ltr'><strong>sextam</strong></span> <span class='ocrx_word' id='word_1_66' title='bbox 896 1163 962 1226; x_wconf 88' lang='lat' dir='ltr'><strong>iam</strong></span> <span class='ocrx_word' id='word_1_67' title='bbox 986 1163 1095 1265; x_wconf 67' lang='lat' dir='ltr'><strong>felicis</strong></span> <span class='ocrx_word' id='word_1_68' title='bbox 1120 1163 1218 1225; x_wconf 90' lang='lat' dir='ltr'><strong>huius</strong></span> 
     </span>
     <span class='ocr_line' id='line_1_10' title="bbox 170 1271 1217 1353; baseline 0.001 -21"><span class='ocrx_word' id='word_1_69' title='bbox 170 1271 378 1352; x_wconf 86' lang='lat' dir='ltr'><strong>principatus</strong></span> <span class='ocrx_word' id='word_1_70' title='bbox 403 1271 590 1346; x_wconf 88' lang='lat' dir='ltr'><strong>stationem,</strong></span> <span class='ocrx_word' id='word_1_71' title='bbox 615 1292 681 1353; x_wconf 91' lang='lat' dir='ltr'><strong>quo</strong></span> <span class='ocrx_word' id='word_1_72' title='bbox 704 1271 932 1352; x_wconf 88' lang='lat' dir='ltr'><strong>Vespasianus</strong></span> <span class='ocrx_word' id='word_1_73' title='bbox 958 1291 1027 1333; x_wconf 91' lang='lat' dir='ltr'><strong>rem</strong></span> <span class='ocrx_word' id='word_1_74' title='bbox 1052 1271 1217 1352; x_wconf 90' lang='lat' dir='ltr'><strong>publicam</strong></span> 
     </span>
     <span class='ocr_line' id='line_1_11' title="bbox 132 1378 1217 1462; baseline 0 -21"><span class='ocrx_word' id='word_1_75' title='bbox 132 1449 136 1456; x_wconf 24' lang='lat'>⁸</span> <span class='ocrx_word' id='word_1_76' title='bbox 169 1379 285 1443; x_wconf 88' lang='lat' dir='ltr'><strong>fovet:</strong></span> <span class='ocrx_word' id='word_1_77' title='bbox 318 1389 454 1458; x_wconf 81' lang='lat' dir='ltr'><strong>centum</strong></span> <span class='ocrx_word' id='word_1_78' title='bbox 476 1389 509 1441; x_wconf 90' lang='lat' dir='ltr'><strong>et</strong></span> <span class='ocrx_word' id='word_1_79' title='bbox 529 1380 649 1462; x_wconf 86' lang='lat' dir='ltr'><strong>viginti</strong></span> <span class='ocrx_word' id='word_1_80' title='bbox 668 1381 749 1443; x_wconf 91' lang='lat' dir='ltr'><strong>anni</strong></span> <span class='ocrx_word' id='word_1_81' title='bbox 770 1381 812 1444; x_wconf 92' lang='lat' dir='ltr'><strong>ab</strong></span> <span class='ocrx_word' id='word_1_82' title='bbox 835 1379 972 1443; x_wconf 90' lang='lat' dir='ltr'><strong>interitu</strong></span> <span class='ocrx_word' id='word_1_83' title='bbox 994 1378 1166 1442; x_wconf 89' lang='lat' dir='ltr'><strong>Ciceronis</strong></span> <span class='ocrx_word' id='word_1_84' title='bbox 1184 1379 1217 1441; x_wconf 94' lang='lat' dir='ltr'><strong>in</strong></span> 
     </span>
     <span class='ocr_line' id='line_1_12' title="bbox 170 1487 1267 1570; baseline 0.005 -20"><span class='ocrx_word' id='word_1_85' title='bbox 170 1487 260 1550; x_wconf 92' lang='lat' dir='ltr'><strong>hunc</strong></span> <span class='ocrx_word' id='word_1_86' title='bbox 277 1488 365 1550; x_wconf 92' lang='lat' dir='ltr'><strong>diem</strong></span> <span class='ocrx_word' id='word_1_87' title='bbox 383 1488 594 1570; x_wconf 84' lang='lat' dir='ltr'><strong>colliguntur,</strong></span> <span class='ocrx_word' id='word_1_88' title='bbox 613 1488 713 1551; x_wconf 90' lang='lat' dir='ltr'><strong>unius</strong></span> <span class='ocrx_word' id='word_1_89' title='bbox 730 1487 874 1550; x_wconf 91' lang='lat' dir='ltr'><strong>hominis</strong></span> <span class='ocrx_word' id='word_1_90' title='bbox 891 1496 994 1551; x_wconf 88' lang='lat' dir='ltr'><strong>aetas.</strong></span> <span class='ocrx_word' id='word_1_91' title='bbox 1045 1488 1133 1550; x_wconf 89' lang='lat' dir='ltr'><strong>Nam</strong></span> <span class='ocrx_word' id='word_1_92' title='bbox 1145 1487 1217 1569; x_wconf 92' lang='lat' dir='ltr'><strong>ipse</strong></span> <span class='ocrx_word' id='word_1_93' title='bbox 1251 1509 1267 1555; x_wconf 87' lang='lat'>4</span> 
     </span>
     <span class='ocr_line' id='line_1_13' title="bbox 170 1595 1217 1678; baseline 0 -20"><span class='ocrx_word' id='word_1_94' title='bbox 170 1617 234 1678; x_wconf 89' lang='lat' dir='ltr'><strong>ego</strong></span> <span class='ocrx_word' id='word_1_95' title='bbox 252 1596 286 1657; x_wconf 94' lang='lat' dir='ltr'><strong>in</strong></span> <span class='ocrx_word' id='word_1_96' title='bbox 305 1595 477 1658; x_wconf 89' lang='lat' dir='ltr'><strong>Britannia</strong></span> <span class='ocrx_word' id='word_1_97' title='bbox 493 1595 561 1658; x_wconf 89' lang='lat' dir='ltr'><strong>vidi</strong></span> <span class='ocrx_word' id='word_1_98' title='bbox 581 1616 706 1670; x_wconf 89' lang='lat' dir='ltr'><strong>senem,</strong></span> <span class='ocrx_word' id='word_1_99' title='bbox 726 1595 782 1678; x_wconf 94' lang='lat' dir='ltr'><strong>qui</strong></span> <span class='ocrx_word' id='word_1_100' title='bbox 800 1617 836 1659; x_wconf 92' lang='lat' dir='ltr'><strong>se</strong></span> <span class='ocrx_word' id='word_1_101' title='bbox 852 1596 1023 1658; x_wconf 79' lang='lat' dir='ltr'><strong>fatebatur</strong></span> <span class='ocrx_word' id='word_1_102' title='bbox 1038 1595 1068 1658; x_wconf 91' lang='lat' dir='ltr'><strong>ei</strong></span> <span class='ocrx_word' id='word_1_103' title='bbox 1085 1615 1217 1677; x_wconf 88' lang='lat' dir='ltr'><strong>pugnae</strong></span> 
     </span>
     <span class='ocr_line' id='line_1_14' title="bbox 170 1703 1216 1784; baseline 0.001 -19"><span class='ocrx_word' id='word_1_104' title='bbox 170 1703 365 1766; x_wconf 86' lang='lat' dir='ltr'><strong>interfuisse</strong></span> <span class='ocrx_word' id='word_1_105' title='bbox 388 1724 452 1784; x_wconf 90' lang='lat' dir='ltr'><strong>qua</strong></span> <span class='ocrx_word' id='word_1_106' title='bbox 471 1703 647 1766; x_wconf 89' lang='lat' dir='ltr'><strong>Caesarem</strong></span> <span class='ocrx_word' id='word_1_107' title='bbox 672 1704 873 1766; x_wconf 89' lang='lat' dir='ltr'><strong>inferentem</strong></span> <span class='ocrx_word' id='word_1_108' title='bbox 895 1724 987 1766; x_wconf 91' lang='lat' dir='ltr'><strong>arma</strong></span> <span class='ocrx_word' id='word_1_109' title='bbox 1010 1703 1161 1765; x_wconf 91' lang='lat' dir='ltr'><strong>Britanni</strong></span> <span class='ocrx_word' id='word_1_110' title='bbox 1183 1712 1216 1766; x_wconf 89' lang='lat' dir='ltr'><strong>et</strong></span> 
     </span>
    </p>
   </div>
   <div class='ocr_carea' id='block_1_4' title="bbox 146 1859 671 3925">
    <p class='ocr_par' dir='ltr' id='par_1_4' title="bbox 146 1859 671 3925">
     <span class='ocr_line' id='line_1_15' title="bbox 204 1859 669 1925; baseline -0.002 -15"><span class='ocrx_word' id='word_1_111' title='bbox 204 1876 228 1922; x_wconf 86' lang='lat'><strong>3.</strong></span> <span class='ocrx_word' id='word_1_112' title='bbox 254 1861 373 1925; x_wconf 86' lang='lat' dir='ltr'><strong>quibus:</strong></span> <span class='ocrx_word' id='word_1_113' title='bbox 392 1859 669 1923; x_wconf 88' lang='lat' dir='ltr'><strong>heredenotingdura-</strong></span> 
     </span>
     <span class='ocr_line' id='line_1_16' title="bbox 170 1927 669 1990; baseline -0.002 -14"><span class='ocrx_word' id='word_1_114' title='bbox 170 1929 297 1984; x_wconf 74' lang='lat' dir='ltr'><strong>tion-a</strong></span> <span class='ocrx_word' id='word_1_115' title='bbox 317 1927 493 1975; x_wconf 91' lang='lat' dir='ltr'><strong>construction</strong></span> <span class='ocrx_word' id='word_1_116' title='bbox 512 1928 669 1990; x_wconf 87' lang='lat' dir='ltr'><strong>originating</strong></span> 
     </span>
     <span class='ocr_line' id='line_1_17' title="bbox 169 1993 668 2056; baseline -0.002 -14"><span class='ocrx_word' id='word_1_117' title='bbox 169 1995 196 2042; x_wconf 95' lang='lat' dir='ltr'><strong>in</strong></span> <span class='ocrx_word' id='word_1_118' title='bbox 221 1993 266 2041; x_wconf 85' lang='lat' dir='ltr'><strong>the</strong></span> <span class='ocrx_word' id='word_1_119' title='bbox 292 1993 430 2056; x_wconf 91' lang='lat' dir='ltr'><strong>colloquial</strong></span> <span class='ocrx_word' id='word_1_120' title='bbox 457 1993 592 2056; x_wconf 86' lang='lat' dir='ltr'><strong>language,</strong></span> <span class='ocrx_word' id='word_1_121' title='bbox 617 1994 668 2042; x_wconf 88' lang='lat' dir='ltr'><strong>and</strong></span> 
     </span>
     <span class='ocr_line' id='line_1_18' title="bbox 146 2058 667 2123; baseline -0.004 -14"><span class='ocrx_word' id='word_1_122' title='bbox 146 2089 156 2099; x_wconf 91' lang='lat'><em>·</em></span> <span class='ocrx_word' id='word_1_123' title='bbox 169 2060 321 2109; x_wconf 79' lang='lat' dir='ltr'><strong>afterwards</strong></span> <span class='ocrx_word' id='word_1_124' title='bbox 344 2058 459 2123; x_wconf 88' lang='lat' dir='ltr'><strong>adopted</strong></span> <span class='ocrx_word' id='word_1_125' title='bbox 479 2060 505 2107; x_wconf 92' lang='lat' dir='ltr'><strong>in</strong></span> <span class='ocrx_word' id='word_1_126' title='bbox 529 2060 667 2108; x_wconf 87' lang='lat' dir='ltr'><strong>literature.</strong></span> 
     </span>
     <span class='ocr_line' id='line_1_19' title="bbox 168 2127 667 2184; baseline -0.004 -8"><span class='ocrx_word' id='word_1_127' title='bbox 168 2127 482 2184; x_wconf 82' lang='lat' dir='ltr'><strong>—mox=deinde,-</strong></span> <span class='ocrx_word' id='word_1_128' title='bbox 496 2142 512 2174; x_wconf 90' lang='lat' dir='ltr'><strong>a</strong></span> <span class='ocrx_word' id='word_1_129' title='bbox 546 2142 667 2176; x_wconf 90' lang='lat' dir='ltr'><strong>common</strong></span> 
     </span>
     <span class='ocr_line' id='line_1_20' title="bbox 169 2195 667 2256; baseline -0.002 -13"><span class='ocrx_word' id='word_1_130' title='bbox 169 2195 293 2256; x_wconf 87' lang='lat' dir='ltr'><strong>meaning</strong></span> <span class='ocrx_word' id='word_1_131' title='bbox 303 2195 329 2241; x_wconf 95' lang='lat' dir='ltr'><strong>in</strong></span> <span class='ocrx_word' id='word_1_132' title='bbox 342 2196 550 2256; x_wconf 89' lang='lat' dir='ltr'><strong>post-Augustan</strong></span> <span class='ocrx_word' id='word_1_133' title='bbox 563 2195 667 2242; x_wconf 85' lang='lat' dir='ltr'><strong>writers.</strong></span> 
     </span>
     <span class='ocr_line' id='line_1_21' title="bbox 171 2260 667 2323; baseline -0.002 -14"><span class='ocrx_word' id='word_1_134' title='bbox 171 2296 200 2304; x_wconf 88' lang='grc'>-</span> <span class='ocrx_word' id='word_1_135' title='bbox 212 2261 322 2310; x_wconf 80' lang='lat' dir='ltr'><strong>Tiberii</strong></span> <span class='ocrx_word' id='word_1_136' title='bbox 340 2268 399 2309; x_wconf 85' lang='lat' dir='ltr'><strong>tres</strong></span> <span class='ocrx_word' id='word_1_137' title='bbox 419 2267 446 2309; x_wconf 87' lang='lat' dir='ltr'><strong>et</strong></span> <span class='ocrx_word' id='word_1_138' title='bbox 464 2262 581 2323; x_wconf 84' lang='lat' dir='ltr'><strong>viginti:</strong></span> <span class='ocrx_word' id='word_1_139' title='bbox 599 2260 667 2308; x_wconf 89' lang='lat' dir='ltr'><strong>from</strong></span> 
     </span>
     <span class='ocr_line' id='line_1_22' title="bbox 170 2328 667 2391; baseline -0.006 -15"><span class='ocrx_word' id='word_1_140' title='bbox 170 2330 283 2391; x_wconf 89' lang='lat' dir='ltr'><strong>August,</strong></span> <span class='ocrx_word' id='word_1_141' title='bbox 299 2342 329 2388; x_wconf 87' lang='lat'><strong>14</strong></span> <span class='ocrx_word' id='word_1_142' title='bbox 341 2340 395 2375; x_wconf 71' lang='lat' dir='ltr'><strong>aa).</strong></span> <span class='ocrx_word' id='word_1_143' title='bbox 408 2334 437 2375; x_wconf 89' lang='lat' dir='ltr'><strong>to</strong></span> <span class='ocrx_word' id='word_1_144' title='bbox 453 2328 551 2383; x_wconf 85' lang='lat' dir='ltr'><strong>March,</strong></span> <span class='ocrx_word' id='word_1_145' title='bbox 565 2341 595 2391; x_wconf 81' lang='lat'><strong>37</strong></span> <span class='ocrx_word' id='word_1_146' title='bbox 613 2340 667 2375; x_wconf 70' lang='lat' dir='ltr'><strong>nn.</strong></span> 
     </span>
     <span class='ocr_line' id='line_1_23' title="bbox 169 2393 669 2456; baseline -0.002 -14"><span class='ocrx_word' id='word_1_147' title='bbox 169 2423 204 2431; x_wconf 91' lang='lat'><em>-</em></span> <span class='ocrx_word' id='word_1_148' title='bbox 222 2395 289 2443; x_wconf 85' lang='lat' dir='ltr'><strong>Gai:</strong></span> <span class='ocrx_word' id='word_1_149' title='bbox 320 2394 446 2456; x_wconf 87' lang='lat' dir='ltr'><strong>Caligula,</strong></span> <span class='ocrx_word' id='word_1_150' title='bbox 464 2393 534 2451; x_wconf 87' lang='lat' dir='ltr'><strong>,who</strong></span> <span class='ocrx_word' id='word_1_151' title='bbox 565 2394 669 2456; x_wconf 87' lang='lat' dir='ltr'><strong>reigned</strong></span> 
     </span>
     <span class='ocr_line' id='line_1_24' title="bbox 168 2461 668 2525; baseline -0.002 -16"><span class='ocrx_word' id='word_1_152' title='bbox 168 2461 239 2509; x_wconf 84' lang='lat' dir='ltr'><strong>from</strong></span> <span class='ocrx_word' id='word_1_153' title='bbox 258 2461 356 2517; x_wconf 86' lang='lat' dir='ltr'><strong>March,</strong></span> <span class='ocrx_word' id='word_1_154' title='bbox 379 2474 408 2524; x_wconf 88' lang='lat'><strong>37</strong></span> <span class='ocrx_word' id='word_1_155' title='bbox 428 2474 482 2509; x_wconf 71' lang='lat' dir='ltr'><strong>nn.</strong></span> <span class='ocrx_word' id='word_1_156' title='bbox 502 2467 529 2508; x_wconf 93' lang='lat' dir='ltr'><strong>to</strong></span> <span class='ocrx_word' id='word_1_157' title='bbox 548 2462 668 2525; x_wconf 87' lang='lat' dir='ltr'><strong>January,</strong></span> 
     </span>
     <span class='ocr_line' id='line_1_25' title="bbox 169 2528 668 2590; baseline 0 -15"><span class='ocrx_word' id='word_1_158' title='bbox 169 2542 199 2587; x_wconf 87' lang='lat'><strong>41</strong></span> <span class='ocrx_word' id='word_1_159' title='bbox 224 2528 373 2577; x_wconf 68' lang='lat' dir='ltr'><strong>nn-bis</strong></span> <span class='ocrx_word' id='word_1_160' title='bbox 397 2535 553 2590; x_wconf 87' lang='lat' dir='ltr'><strong>quaternos</strong></span> <span class='ocrx_word' id='word_1_161' title='bbox 578 2528 668 2576; x_wconf 87' lang='lat' dir='ltr'><strong>denos</strong></span> 
     </span>
     <span class='ocr_line' id='line_1_26' title="bbox 172 2592 669 2644; baseline -0.004 -2"><span class='ocrx_word' id='word_1_162' title='bbox 172 2594 285 2643; x_wconf 82' lang='lat' dir='ltr'><strong>Claudii</strong></span> <span class='ocrx_word' id='word_1_163' title='bbox 296 2602 324 2642; x_wconf 87' lang='lat' dir='ltr'><strong>et</strong></span> <span class='ocrx_word' id='word_1_164' title='bbox 338 2593 464 2644; x_wconf 87' lang='lat' dir='ltr'><strong>Neronis</strong></span> <span class='ocrx_word' id='word_1_165' title='bbox 478 2608 585 2642; x_wconf 86' lang='lat' dir='ltr'><strong>annos:</strong></span> <span class='ocrx_word' id='word_1_166' title='bbox 600 2592 669 2641; x_wconf 89' lang='lat' dir='ltr'><strong>from</strong></span> 
     </span>
     <span class='ocr_line' id='line_1_27' title="bbox 170 2660 668 2725; baseline -0.002 -18"><span class='ocrx_word' id='word_1_167' title='bbox 170 2662 292 2725; x_wconf 89' lang='lat' dir='ltr'><strong>January,</strong></span> <span class='ocrx_word' id='word_1_168' title='bbox 309 2674 338 2721; x_wconf 91' lang='lat'><strong>41</strong></span> <span class='ocrx_word' id='word_1_169' title='bbox 358 2673 412 2707; x_wconf 66' lang='lat' dir='ltr'><strong>Ab.</strong></span> <span class='ocrx_word' id='word_1_170' title='bbox 430 2667 458 2707; x_wconf 89' lang='lat' dir='ltr'><strong>to</strong></span> <span class='ocrx_word' id='word_1_171' title='bbox 477 2662 550 2719; x_wconf 91' lang='lat' dir='ltr'><strong>June,</strong></span> <span class='ocrx_word' id='word_1_172' title='bbox 567 2660 599 2707; x_wconf 88' lang='grc'><strong>68</strong></span> <span class='ocrx_word' id='word_1_173' title='bbox 614 2673 668 2707; x_wconf 69' lang='lat' dir='ltr'><strong>Ab.</strong></span> 
     </span>
     <span class='ocr_line' id='line_1_28' title="bbox 168 2727 669 2789; baseline -0.006 -14"><span class='ocrx_word' id='word_1_174' title='bbox 168 2727 335 2789; x_wconf 84' lang='lat' dir='ltr'><strong>—longum</strong></span> <span class='ocrx_word' id='word_1_175' title='bbox 366 2734 393 2775; x_wconf 86' lang='lat' dir='ltr'><strong>et</strong></span> <span class='ocrx_word' id='word_1_176' title='bbox 423 2740 512 2775; x_wconf 88' lang='lat' dir='ltr'><strong>unum</strong></span> <span class='ocrx_word' id='word_1_177' title='bbox 545 2741 669 2775; x_wconf 86' lang='lat' dir='ltr'><strong>annum:</strong></span> 
     </span>
     <span class='ocr_line' id='line_1_29' title="bbox 168 2792 670 2841; baseline -0.004 0"><span class='ocrx_word' id='word_1_178' title='bbox 168 2794 240 2841; x_wconf 81' lang='lat' dir='ltr'><strong>frorrt</strong></span> <span class='ocrx_word' id='word_1_179' title='bbox 261 2794 305 2841; x_wconf 92' lang='lat' dir='ltr'><strong>the</strong></span> <span class='ocrx_word' id='word_1_180' title='bbox 325 2793 458 2841; x_wconf 84' lang='lat' dir='ltr'><strong>accession</strong></span> <span class='ocrx_word' id='word_1_181' title='bbox 482 2792 511 2840; x_wconf 87' lang='lat' dir='ltr'><strong>of</strong></span> <span class='ocrx_word' id='word_1_182' title='bbox 537 2792 621 2841; x_wconf 87' lang='lat' dir='ltr'><strong>Galba</strong></span> <span class='ocrx_word' id='word_1_183' title='bbox 643 2792 670 2839; x_wconf 92' lang='lat' dir='ltr'><strong>in</strong></span> 
     </span>
     <span class='ocr_line' id='line_1_30' title="bbox 170 2858 671 2922; baseline -0.004 -14"><span class='ocrx_word' id='word_1_184' title='bbox 170 2862 246 2920; x_wconf 89' lang='lat' dir='ltr'><strong>June,</strong></span> <span class='ocrx_word' id='word_1_185' title='bbox 270 2858 302 2908; x_wconf 88' lang='grc'><strong>68</strong></span> <span class='ocrx_word' id='word_1_186' title='bbox 328 2872 383 2907; x_wconf 69' lang='lat' dir='ltr'><strong>nt).</strong></span> <span class='ocrx_word' id='word_1_187' title='bbox 408 2868 435 2907; x_wconf 94' lang='lat' dir='ltr'><strong>to</strong></span> <span class='ocrx_word' id='word_1_188' title='bbox 463 2859 507 2907; x_wconf 89' lang='lat' dir='ltr'><strong>the</strong></span> <span class='ocrx_word' id='word_1_189' title='bbox 530 2860 671 2922; x_wconf 91' lang='lat' dir='ltr'><strong>proclama·</strong></span> 
     </span>
     <span class='ocr_line' id='line_1_31' title="bbox 170 2925 670 2989; baseline -0.004 -15"><span class='ocrx_word' id='word_1_190' title='bbox 170 2928 226 2975; x_wconf 90' lang='lat' dir='ltr'><strong>tion</strong></span> <span class='ocrx_word' id='word_1_191' title='bbox 245 2926 274 2973; x_wconf 85' lang='lat' dir='ltr'><strong>of</strong></span> <span class='ocrx_word' id='word_1_192' title='bbox 291 2926 434 2989; x_wconf 89' lang='lat' dir='ltr'><strong>Vespasian</strong></span> <span class='ocrx_word' id='word_1_193' title='bbox 453 2942 481 2973; x_wconf 90' lang='lat' dir='ltr'><strong>as</strong></span> <span class='ocrx_word' id='word_1_194' title='bbox 501 2926 627 2988; x_wconf 88' lang='lat' dir='ltr'><strong>Emperor</strong></span> <span class='ocrx_word' id='word_1_195' title='bbox 643 2925 670 2972; x_wconf 89' lang='lat' dir='ltr'><strong>in</strong></span> 
     </span>
     <span class='ocr_line' id='line_1_32' title="bbox 171 2992 670 3057; baseline -0.004 -16"><span class='ocrx_word' id='word_1_196' title='bbox 171 2994 239 3057; x_wconf 92' lang='lat' dir='ltr'><strong>July,</strong></span> <span class='ocrx_word' id='word_1_197' title='bbox 263 2992 295 3055; x_wconf 84' lang='lat'><strong>69</strong></span> <span class='ocrx_word' id='word_1_198' title='bbox 318 3006 388 3051; x_wconf 77' lang='lat' dir='ltr'><strong>n.1).;</strong></span> <span class='ocrx_word' id='word_1_199' title='bbox 415 2993 535 3055; x_wconf 86' lang='lat' dir='ltr'><strong>longum</strong></span> <span class='ocrx_word' id='word_1_200' title='bbox 560 2992 582 3040; x_wconf 94' lang='lat' dir='ltr'><strong>is</strong></span> <span class='ocrx_word' id='word_1_201' title='bbox 606 2992 670 3039; x_wconf 91' lang='lat' dir='ltr'><strong>used</strong></span> 
     </span>
     <span class='ocr_line' id='line_1_33' title="bbox 169 3058 668 3122; baseline -0.002 -15"><span class='ocrx_word' id='word_1_202' title='bbox 169 3061 196 3107; x_wconf 91' lang='lat' dir='ltr'><strong>in</strong></span> <span class='ocrx_word' id='word_1_203' title='bbox 207 3060 252 3107; x_wconf 86' lang='lat' dir='ltr'><strong>the</strong></span> <span class='ocrx_word' id='word_1_204' title='bbox 264 3075 340 3107; x_wconf 91' lang='lat' dir='ltr'><strong>sense</strong></span> <span class='ocrx_word' id='word_1_205' title='bbox 350 3058 378 3106; x_wconf 89' lang='lat' dir='ltr'><strong>of</strong></span> <span class='ocrx_word' id='word_1_206' title='bbox 389 3060 508 3122; x_wconf 73' lang='lat' dir='ltr'><strong>errentful.</strong></span> <span class='ocrx_word' id='word_1_207' title='bbox 517 3066 668 3106; x_wconf 85' lang='lat' dir='ltr'><strong>-sextam</strong></span> 
     </span>
     <span class='ocr_line' id='line_1_34' title="bbox 169 3126 668 3190; baseline -0.006 -15"><span class='ocrx_word' id='word_1_208' title='bbox 169 3128 245 3175; x_wconf 89' lang='lat' dir='ltr'><strong>iam:</strong></span> <span class='ocrx_word' id='word_1_209' title='bbox 272 3140 304 3187; x_wconf 82' lang='grc'><strong>74</strong></span> <span class='ocrx_word' id='word_1_210' title='bbox 328 3142 358 3173; x_wconf 89' lang='lat' dir='ltr'><strong>or</strong></span> <span class='ocrx_word' id='word_1_211' title='bbox 385 3139 416 3190; x_wconf 85' lang='lat'><strong>75</strong></span> <span class='ocrx_word' id='word_1_212' title='bbox 442 3138 510 3184; x_wconf 80' lang='lat' dir='ltr'><strong>n.1).;</strong></span> <span class='ocrx_word' id='word_1_213' title='bbox 537 3140 581 3173; x_wconf 88' lang='lat' dir='ltr'><strong>see</strong></span> <span class='ocrx_word' id='word_1_214' title='bbox 605 3126 668 3172; x_wconf 82' lang='lat' dir='ltr'><strong>Intr.</strong></span> 
     </span>
     <span class='ocr_line' id='line_1_35' title="bbox 168 3191 670 3256; baseline -0.002 -17"><span class='ocrx_word' id='word_1_215' title='bbox 168 3210 194 3256; x_wconf 92' lang='lat' dir='ltr'><strong>p.</strong></span> <span class='ocrx_word' id='word_1_216' title='bbox 211 3193 484 3241; x_wconf 66' lang='lat' dir='ltr'><strong>xia-stationem:</strong></span> <span class='ocrx_word' id='word_1_217' title='bbox 504 3191 565 3239; x_wconf 88' lang='lat' dir='ltr'><strong>here</strong></span> <span class='ocrx_word' id='word_1_218' title='bbox 581 3206 670 3253; x_wconf 90' lang='lat' dir='ltr'><strong>appar-</strong></span> 
     </span>
     <span class='ocr_line' id='line_1_36' title="bbox 170 3258 670 3323; baseline -0.006 -15"><span class='ocrx_word' id='word_1_219' title='bbox 170 3260 243 3323; x_wconf 89' lang='lat' dir='ltr'><strong>ently</strong></span> <span class='ocrx_word' id='word_1_220' title='bbox 269 3260 295 3307; x_wconf 91' lang='lat' dir='ltr'><strong>in</strong></span> <span class='ocrx_word' id='word_1_221' title='bbox 324 3259 369 3307; x_wconf 91' lang='lat' dir='ltr'><strong>the</strong></span> <span class='ocrx_word' id='word_1_222' title='bbox 400 3275 475 3307; x_wconf 88' lang='lat' dir='ltr'><strong>sense</strong></span> <span class='ocrx_word' id='word_1_223' title='bbox 505 3258 534 3306; x_wconf 85' lang='lat' dir='ltr'><strong>of</strong></span> <span class='ocrx_word' id='word_1_224' title='bbox 556 3275 628 3321; x_wconf 82' lang='lat' dir='ltr'><strong>year,</strong></span> <span class='ocrx_word' id='word_1_225' title='bbox 654 3273 670 3305; x_wconf 92' lang='lat' dir='ltr'><strong>a</strong></span> 
     </span>
     <span class='ocr_line' id='line_1_37' title="bbox 169 3325 669 3389; baseline -0.002 -16"><span class='ocrx_word' id='word_1_226' title='bbox 169 3326 306 3389; x_wconf 88' lang='lat' dir='ltr'><strong>figurative</strong></span> <span class='ocrx_word' id='word_1_227' title='bbox 329 3342 374 3375; x_wconf 91' lang='lat' dir='ltr'><strong>use</strong></span> <span class='ocrx_word' id='word_1_228' title='bbox 395 3326 530 3388; x_wconf 87' lang='lat' dir='ltr'><strong>occurring</strong></span> <span class='ocrx_word' id='word_1_229' title='bbox 549 3325 669 3373; x_wconf 87' lang='lat' dir='ltr'><strong>nowhere</strong></span> 
     </span>
     <span class='ocr_line' id='line_1_38' title="bbox 170 3392 668 3455; baseline -0.004 -14"><span class='ocrx_word' id='word_1_230' title='bbox 170 3394 398 3442; x_wconf 80' lang='lat' dir='ltr'><strong>else—centum</strong></span> <span class='ocrx_word' id='word_1_231' title='bbox 419 3400 447 3440; x_wconf 91' lang='lat' dir='ltr'><strong>et</strong></span> <span class='ocrx_word' id='word_1_232' title='bbox 465 3392 569 3455; x_wconf 87' lang='lat' dir='ltr'><strong>viginti</strong></span> <span class='ocrx_word' id='word_1_233' title='bbox 589 3392 668 3440; x_wconf 85' lang='lat' dir='ltr'><strong>anni:</strong></span> 
     </span>
     <span class='ocr_line' id='line_1_39' title="bbox 167 3458 669 3522; baseline -0.002 -15"><span class='ocrx_word' id='word_1_234' title='bbox 167 3460 239 3507; x_wconf 87' lang='lat' dir='ltr'><strong>from</strong></span> <span class='ocrx_word' id='word_1_235' title='bbox 264 3458 415 3514; x_wconf 86' lang='lat' dir='ltr'><strong>December,</strong></span> <span class='ocrx_word' id='word_1_236' title='bbox 440 3473 472 3522; x_wconf 88' lang='lat'><strong>43</strong></span> <span class='ocrx_word' id='word_1_237' title='bbox 494 3472 543 3507; x_wconf 77' lang='lat' dir='ltr'><strong>nc.</strong></span> <span class='ocrx_word' id='word_1_238' title='bbox 568 3466 595 3507; x_wconf 93' lang='lat' dir='ltr'><strong>to</strong></span> <span class='ocrx_word' id='word_1_239' title='bbox 625 3458 669 3507; x_wconf 88' lang='lat' dir='ltr'><strong>the</strong></span> 
     </span>
     <span class='ocr_line' id='line_1_40' title="bbox 169 3524 670 3588; baseline 0 -15"><span class='ocrx_word' id='word_1_240' title='bbox 169 3524 222 3573; x_wconf 87' lang='lat' dir='ltr'><strong>end</strong></span> <span class='ocrx_word' id='word_1_241' title='bbox 234 3524 263 3572; x_wconf 90' lang='lat' dir='ltr'><strong>of</strong></span> <span class='ocrx_word' id='word_1_242' title='bbox 280 3538 312 3585; x_wconf 85' lang='lat'><strong>74</strong></span> <span class='ocrx_word' id='word_1_243' title='bbox 324 3537 379 3572; x_wconf 73' lang='lat' dir='ltr'><strong>aa).</strong></span> <span class='ocrx_word' id='word_1_244' title='bbox 392 3540 422 3572; x_wconf 94' lang='lat' dir='ltr'><strong>or</strong></span> <span class='ocrx_word' id='word_1_245' title='bbox 434 3525 478 3573; x_wconf 94' lang='lat' dir='ltr'><strong>the</strong></span> <span class='ocrx_word' id='word_1_246' title='bbox 491 3525 629 3588; x_wconf 88' lang='lat' dir='ltr'><strong>beginning</strong></span> <span class='ocrx_word' id='word_1_247' title='bbox 641 3525 670 3573; x_wconf 92' lang='lat' dir='ltr'><strong>of</strong></span> 
     </span>
     <span class='ocr_line' id='line_1_41' title="bbox 169 3591 668 3655; baseline 0.004 -17"><span class='ocrx_word' id='word_1_248' title='bbox 169 3604 202 3655; x_wconf 86' lang='lat'><strong>75</strong></span> <span class='ocrx_word' id='word_1_249' title='bbox 217 3603 272 3638; x_wconf 69' lang='lat' dir='ltr'><strong>nn.</strong></span> <span class='ocrx_word' id='word_1_250' title='bbox 286 3591 364 3639; x_wconf 92' lang='lat' dir='ltr'><strong>could</strong></span> <span class='ocrx_word' id='word_1_251' title='bbox 381 3598 427 3639; x_wconf 91' lang='lat' dir='ltr'><strong>not</strong></span> <span class='ocrx_word' id='word_1_252' title='bbox 445 3599 471 3639; x_wconf 88' lang='lat' dir='ltr'><strong>at</strong></span> <span class='ocrx_word' id='word_1_253' title='bbox 490 3592 534 3640; x_wconf 85' lang='lat' dir='ltr'><strong>the</strong></span> <span class='ocrx_word' id='word_1_254' title='bbox 551 3600 620 3640; x_wconf 93' lang='lat' dir='ltr'><strong>most</strong></span> <span class='ocrx_word' id='word_1_255' title='bbox 637 3591 668 3640; x_wconf 91' lang='lat' dir='ltr'><strong>be</strong></span> 
     </span>
     <span class='ocr_line' id='line_1_42' title="bbox 169 3657 669 3722; baseline -0.002 -16"><span class='ocrx_word' id='word_1_256' title='bbox 169 3674 243 3706; x_wconf 91' lang='lat' dir='ltr'><strong>more</strong></span> <span class='ocrx_word' id='word_1_257' title='bbox 254 3658 316 3706; x_wconf 92' lang='lat' dir='ltr'><strong>than</strong></span> <span class='ocrx_word' id='word_1_258' title='bbox 329 3657 429 3706; x_wconf 90' lang='lat' dir='ltr'><strong>116full</strong></span> <span class='ocrx_word' id='word_1_259' title='bbox 440 3674 526 3722; x_wconf 90' lang='lat' dir='ltr'><strong>years;</strong></span> <span class='ocrx_word' id='word_1_260' title='bbox 544 3658 589 3705; x_wconf 93' lang='lat' dir='ltr'><strong>but</strong></span> <span class='ocrx_word' id='word_1_261' title='bbox 598 3658 669 3721; x_wconf 87' lang='lat' dir='ltr'><strong>Aper</strong></span> 
     </span>
     <span class='ocr_line' id='line_1_43' title="bbox 169 3723 668 3789; baseline -0.002 -15"><span class='ocrx_word' id='word_1_262' title='bbox 169 3725 252 3774; x_wconf 84' lang='lat' dir='ltr'><strong>refers</strong></span> <span class='ocrx_word' id='word_1_263' title='bbox 270 3733 298 3774; x_wconf 83' lang='lat' dir='ltr'><strong>to</strong></span> <span class='ocrx_word' id='word_1_264' title='bbox 319 3725 363 3773; x_wconf 89' lang='lat' dir='ltr'><strong>the</strong></span> <span class='ocrx_word' id='word_1_265' title='bbox 381 3723 472 3787; x_wconf 88' lang='lat' dir='ltr'><strong>period</strong></span> <span class='ocrx_word' id='word_1_266' title='bbox 484 3724 513 3771; x_wconf 85' lang='lat' dir='ltr'><strong>of</strong></span> <span class='ocrx_word' id='word_1_267' title='bbox 532 3738 578 3773; x_wconf 90' lang='lat'><strong>120</strong></span> <span class='ocrx_word' id='word_1_268' title='bbox 596 3739 668 3789; x_wconf 86' lang='lat' dir='ltr'><strong>years</strong></span> 
     </span>
     <span class='ocr_line' id='line_1_44' title="bbox 168 3790 669 3854; baseline -0.002 -14"><span class='ocrx_word' id='word_1_269' title='bbox 168 3793 212 3840; x_wconf 88' lang='lat' dir='ltr'><strong>for</strong></span> <span class='ocrx_word' id='word_1_270' title='bbox 224 3807 240 3840; x_wconf 87' lang='lat' dir='ltr'><strong>a</strong></span> <span class='ocrx_word' id='word_1_271' title='bbox 252 3791 347 3854; x_wconf 90' lang='lat' dir='ltr'><strong>special</strong></span> <span class='ocrx_word' id='word_1_272' title='bbox 360 3805 480 3854; x_wconf 90' lang='lat' dir='ltr'><strong>purpose,</strong></span> <span class='ocrx_word' id='word_1_273' title='bbox 492 3790 546 3847; x_wconf 74' lang='lat' dir='ltr'><strong>viz,</strong></span> <span class='ocrx_word' id='word_1_274' title='bbox 559 3790 669 3839; x_wconf 89' lang='lat' dir='ltr'><strong>because</strong></span> 
     </span>
     <span class='ocr_line' id='line_1_45' title="bbox 168 3856 668 3925; baseline -0.006 -15"><span class='ocrx_word' id='word_1_275' title='bbox 168 3860 190 3910; x_wconf 91' lang='lat' dir='ltr'><strong>it</strong></span> <span class='ocrx_word' id='word_1_276' title='bbox 203 3873 256 3908; x_wconf 89' lang='lat' dir='ltr'><strong>was</strong></span> <span class='ocrx_word' id='word_1_277' title='bbox 268 3856 393 3921; x_wconf 86' lang='lat' dir='ltr'><strong>regarded</strong></span> <span class='ocrx_word' id='word_1_278' title='bbox 409 3856 443 3925; x_wconf 90' lang='lat' dir='ltr'><strong>by</strong></span> <span class='ocrx_word' id='word_1_279' title='bbox 454 3856 498 3907; x_wconf 89' lang='lat' dir='ltr'><strong>the</strong></span> <span class='ocrx_word' id='word_1_280' title='bbox 512 3857 627 3907; x_wconf 89' lang='lat' dir='ltr'><strong>Romans</strong></span> <span class='ocrx_word' id='word_1_281' title='bbox 639 3872 668 3907; x_wconf 88' lang='lat' dir='ltr'><strong>as</strong></span> 
     </span>
    </p>
   </div>
   <div class='ocr_carea' id='block_1_5' title="bbox 719 1860 1220 3923">
    <p class='ocr_par' dir='ltr' id='par_1_5' title="bbox 719 1860 1220 3789">
     <span class='ocr_line' id='line_1_46' title="bbox 721 1860 1216 1910; baseline -0.002 -1"><span class='ocrx_word' id='word_1_282' title='bbox 721 1862 765 1909; x_wconf 83' lang='lat' dir='ltr'><strong>the</strong></span> <span class='ocrx_word' id='word_1_283' title='bbox 788 1868 887 1910; x_wconf 91' lang='lat' dir='ltr'><strong>utmost</strong></span> <span class='ocrx_word' id='word_1_284' title='bbox 910 1861 977 1910; x_wconf 91' lang='lat' dir='ltr'><strong>limit</strong></span> <span class='ocrx_word' id='word_1_285' title='bbox 999 1860 1029 1909; x_wconf 84' lang='lat' dir='ltr'><strong>of</strong></span> <span class='ocrx_word' id='word_1_286' title='bbox 1051 1860 1149 1909; x_wconf 86' lang='lat' dir='ltr'><strong>human</strong></span> <span class='ocrx_word' id='word_1_287' title='bbox 1172 1861 1216 1909; x_wconf 90' lang='lat' dir='ltr'><strong>life</strong></span> 
     </span>
     <span class='ocr_line' id='line_1_47' title="bbox 722 1927 1217 1991; baseline -0.006 -14"><span class='ocrx_word' id='word_1_288' title='bbox 722 1927 819 1991; x_wconf 86' lang='lat' dir='ltr'><strong>(unius</strong></span> <span class='ocrx_word' id='word_1_289' title='bbox 829 1928 956 1977; x_wconf 84' lang='lat' dir='ltr'><strong>hominis</strong></span> <span class='ocrx_word' id='word_1_290' title='bbox 966 1929 1068 1987; x_wconf 79' lang='lat' dir='ltr'><strong>aetas).</strong></span> <span class='ocrx_word' id='word_1_291' title='bbox 1099 1927 1149 1975; x_wconf 91' lang='lat' dir='ltr'><strong>See</strong></span> <span class='ocrx_word' id='word_1_292' title='bbox 1157 1928 1217 1975; x_wconf 85' lang='lat' dir='ltr'><strong>Tre-</strong></span> 
     </span>
     <span class='ocr_line' id='line_1_48' title="bbox 720 1993 1218 2043; baseline -0.004 -1"><span class='ocrx_word' id='word_1_293' title='bbox 720 1993 812 2042; x_wconf 92' lang='lat' dir='ltr'><strong>bellius</strong></span> <span class='ocrx_word' id='word_1_294' title='bbox 827 1993 910 2042; x_wconf 89' lang='lat' dir='ltr'><strong>Pollio</strong></span> <span class='ocrx_word' id='word_1_295' title='bbox 929 1995 986 2042; x_wconf 83' lang='lat' dir='ltr'><strong>Vita</strong></span> <span class='ocrx_word' id='word_1_296' title='bbox 1001 1994 1092 2043; x_wconf 85' lang='lat' dir='ltr'><strong>Claud.</strong></span> <span class='ocrx_word' id='word_1_297' title='bbox 1106 2007 1119 2041; x_wconf 89' lang='lat'><em>2</em></span> <span class='ocrx_word' id='word_1_298' title='bbox 1133 1994 1218 2041; x_wconf 87' lang='lat' dir='ltr'><strong>doctis·</strong></span> 
     </span>
     <span class='ocr_line' id='line_1_49' title="bbox 719 2061 1219 2109; baseline 0.002 -2"><span class='ocrx_word' id='word_1_299' title='bbox 719 2062 782 2109; x_wconf 82' lang='lat' dir='ltr'><strong>simi</strong></span> <span class='ocrx_word' id='word_1_300' title='bbox 808 2061 1043 2109; x_wconf 79' lang='lat' dir='ltr'><strong>mathematicorum</strong></span> <span class='ocrx_word' id='word_1_301' title='bbox 1073 2067 1171 2108; x_wconf 87' lang='lat' dir='ltr'><strong>centum</strong></span> <span class='ocrx_word' id='word_1_302' title='bbox 1194 2067 1219 2109; x_wconf 87' lang='lat' dir='ltr'><strong>et</strong></span> 
     </span>
     <span class='ocr_line' id='line_1_50' title="bbox 719 2127 1215 2191; baseline 0.004 -17"><span class='ocrx_word' id='word_1_303' title='bbox 719 2129 814 2191; x_wconf 68' lang='lat' dir='ltr'><strong>vegr&#39;nte&#39;</strong></span> <span class='ocrx_word' id='word_1_304' title='bbox 828 2143 910 2176; x_wconf 87' lang='lat' dir='ltr'><strong>annas</strong></span> <span class='ocrx_word' id='word_1_305' title='bbox 922 2128 1024 2176; x_wconf 74' lang='lat' dir='ltr'><strong>homini</strong></span> <span class='ocrx_word' id='word_1_306' title='bbox 1034 2128 1071 2176; x_wconf 89' lang='lat' dir='ltr'><strong>ad</strong></span> <span class='ocrx_word' id='word_1_307' title='bbox 1079 2127 1215 2176; x_wconf 84' lang='lat' dir='ltr'><strong>vivendum</strong></span> 
     </span>
     <span class='ocr_line' id='line_1_51' title="bbox 719 2196 1217 2258; baseline -0.002 -16"><span class='ocrx_word' id='word_1_308' title='bbox 719 2196 790 2243; x_wconf 87' lang='lat' dir='ltr'><strong>datas</strong></span> <span class='ocrx_word' id='word_1_309' title='bbox 806 2196 928 2252; x_wconf 85' lang='lat' dir='ltr'><strong>iudicant,</strong></span> <span class='ocrx_word' id='word_1_310' title='bbox 942 2211 1021 2258; x_wconf 85' lang='lat' dir='ltr'><strong>neque</strong></span> <span class='ocrx_word' id='word_1_311' title='bbox 1036 2196 1151 2257; x_wconf 82' lang='lat' dir='ltr'><strong>amplius</strong></span> <span class='ocrx_word' id='word_1_312' title='bbox 1167 2196 1217 2242; x_wconf 85' lang='lat' dir='ltr'><strong>cui·</strong></span> 
     </span>
     <span class='ocr_line' id='line_1_52' title="bbox 720 2260 1216 2325; baseline -0.002 -16"><span class='ocrx_word' id='word_1_313' title='bbox 720 2278 796 2325; x_wconf 89' lang='lat' dir='ltr'><strong>quam</strong></span> <span class='ocrx_word' id='word_1_314' title='bbox 810 2263 927 2309; x_wconf 62' lang='lat' dir='ltr'><strong>ructuant</strong></span> <span class='ocrx_word' id='word_1_315' title='bbox 943 2277 993 2309; x_wconf 86' lang='lat' dir='ltr'><strong>esse</strong></span> <span class='ocrx_word' id='word_1_316' title='bbox 1003 2276 1142 2319; x_wconf 85' lang='lat' dir='ltr'><strong>concessas;</strong></span> <span class='ocrx_word' id='word_1_317' title='bbox 1161 2260 1216 2309; x_wconf 86' lang='lat' dir='ltr'><strong>Ser·</strong></span> 
     </span>
     <span class='ocr_line' id='line_1_53' title="bbox 720 2327 1215 2392; baseline 0 -17"><span class='ocrx_word' id='word_1_318' title='bbox 720 2328 776 2377; x_wconf 87' lang='lat' dir='ltr'><strong>vius</strong></span> <span class='ocrx_word' id='word_1_319' title='bbox 789 2344 823 2375; x_wconf 94' lang='lat' dir='ltr'><strong>on</strong></span> <span class='ocrx_word' id='word_1_320' title='bbox 836 2328 912 2391; x_wconf 87' lang='lat' dir='ltr'><strong>Verg.</strong></span> <span class='ocrx_word' id='word_1_321' title='bbox 921 2330 986 2376; x_wconf 87' lang='lat' dir='ltr'><strong>Aen.</strong></span> <span class='ocrx_word' id='word_1_322' title='bbox 997 2328 1043 2375; x_wconf 91' lang='lat' dir='ltr'><strong>IV.</strong></span> <span class='ocrx_word' id='word_1_323' title='bbox 1052 2327 1101 2392; x_wconf 81' lang='lat'><strong>653</strong></span> <span class='ocrx_word' id='word_1_324' title='bbox 1113 2334 1215 2384; x_wconf 88' lang='lat' dir='ltr'><strong>natura,</strong></span> 
     </span>
     <span class='ocr_line' id='line_1_54' title="bbox 720 2396 1217 2457; baseline -0.002 -15"><span class='ocrx_word' id='word_1_325' title='bbox 720 2396 763 2442; x_wconf 87' lang='lat' dir='ltr'><strong>cui</strong></span> <span class='ocrx_word' id='word_1_326' title='bbox 778 2396 848 2443; x_wconf 92' lang='lat' dir='ltr'><strong>ultra</strong></span> <span class='ocrx_word' id='word_1_327' title='bbox 860 2402 959 2442; x_wconf 89' lang='lat' dir='ltr'><strong>centum</strong></span> <span class='ocrx_word' id='word_1_328' title='bbox 973 2402 996 2443; x_wconf 88' lang='lat' dir='ltr'><strong>et</strong></span> <span class='ocrx_word' id='word_1_329' title='bbox 1012 2396 1107 2457; x_wconf 61' lang='lat' dir='ltr'><strong>vaganti</strong></span> <span class='ocrx_word' id='word_1_330' title='bbox 1119 2396 1217 2443; x_wconf 84' lang='lat' dir='ltr'><strong>solstiti-</strong></span> 
     </span>
     <span class='ocr_line' id='line_1_55' title="bbox 719 2459 1215 2514; baseline -0.006 -5"><span class='ocrx_word' id='word_1_331' title='bbox 719 2464 771 2509; x_wconf 83' lang='lat' dir='ltr'><strong>ales</strong></span> <span class='ocrx_word' id='word_1_332' title='bbox 787 2477 869 2509; x_wconf 88' lang='lat' dir='ltr'><strong>anuos</strong></span> <span class='ocrx_word' id='word_1_333' title='bbox 883 2477 1024 2509; x_wconf 85' lang='lat' dir='ltr'><strong>concessum</strong></span> <span class='ocrx_word' id='word_1_334' title='bbox 1042 2477 1093 2508; x_wconf 90' lang='lat' dir='ltr'><strong>nan</strong></span> <span class='ocrx_word' id='word_1_335' title='bbox 1106 2468 1160 2514; x_wconf 76' lang='lat' dir='ltr'><strong>est:</strong></span> <span class='ocrx_word' id='word_1_336' title='bbox 1183 2459 1215 2509; x_wconf 87' lang='lat' dir='ltr'><strong>cf.</strong></span> 
     </span>
     <span class='ocr_line' id='line_1_56' title="bbox 722 2527 1216 2592; baseline -0.002 -17"><span class='ocrx_word' id='word_1_337' title='bbox 722 2527 794 2592; x_wconf 91' lang='lat' dir='ltr'><strong>Pliny</strong></span> <span class='ocrx_word' id='word_1_338' title='bbox 805 2529 840 2575; x_wconf 91' lang='grc' dir='ltr'><strong>Ν.</strong></span> <span class='ocrx_word' id='word_1_339' title='bbox 853 2529 889 2575; x_wconf 87' lang='lat' dir='ltr'><strong>H.</strong></span> <span class='ocrx_word' id='word_1_340' title='bbox 903 2527 965 2574; x_wconf 92' lang='lat' dir='ltr'><strong>VII.</strong></span> <span class='ocrx_word' id='word_1_341' title='bbox 981 2540 1028 2591; x_wconf 85' lang='lat'><strong>154</strong></span> <span class='ocrx_word' id='word_1_342' title='bbox 1045 2528 1216 2590; x_wconf 79' lang='lat' dir='ltr'><strong>Arganthoni-</strong></span> 
     </span>
     <span class='ocr_line' id='line_1_57' title="bbox 720 2596 1217 2656; baseline -0.002 -15"><span class='ocrx_word' id='word_1_343' title='bbox 720 2611 763 2642; x_wconf 88' lang='lat' dir='ltr'><strong>um</strong></span> <span class='ocrx_word' id='word_1_344' title='bbox 776 2596 897 2656; x_wconf 82' lang='lat' dir='ltr'><strong>octaginta</strong></span> <span class='ocrx_word' id='word_1_345' title='bbox 911 2610 993 2641; x_wconf 88' lang='lat' dir='ltr'><strong>annas</strong></span> <span class='ocrx_word' id='word_1_346' title='bbox 1009 2609 1125 2656; x_wconf 77' lang='lat' dir='ltr'><strong>regnasse</strong></span> <span class='ocrx_word' id='word_1_347' title='bbox 1136 2600 1217 2655; x_wconf 84' lang='lat' dir='ltr'><strong>prope</strong></span> 
     </span>
     <span class='ocr_line' id='line_1_58' title="bbox 720 2660 1218 2722; baseline -0.004 -14"><span class='ocrx_word' id='word_1_348' title='bbox 720 2668 814 2708; x_wconf 90' lang='lat' dir='ltr'><strong>certum</strong></span> <span class='ocrx_word' id='word_1_349' title='bbox 832 2668 873 2709; x_wconf 85' lang='lat' dir='ltr'><strong>est.</strong></span> <span class='ocrx_word' id='word_1_350' title='bbox 909 2662 1009 2708; x_wconf 82' lang='lat' dir='ltr'><strong>Putant</strong></span> <span class='ocrx_word' id='word_1_351' title='bbox 1024 2660 1218 2722; x_wconf 81' lang='lat' dir='ltr'><strong>quadragesima</strong></span> 
     </span>
     <span class='ocr_line' id='line_1_59' title="bbox 720 2726 1219 2788; baseline 0 -15"><span class='ocrx_word' id='word_1_352' title='bbox 720 2729 841 2788; x_wconf 82' lang='lat' dir='ltr'><strong>coepisse;</strong></span> <span class='ocrx_word' id='word_1_353' title='bbox 859 2727 914 2775; x_wconf 89' lang='lat' dir='ltr'><strong>Cic.</strong></span> <span class='ocrx_word' id='word_1_354' title='bbox 930 2728 960 2774; x_wconf 86' lang='lat' dir='ltr'><strong>de</strong></span> <span class='ocrx_word' id='word_1_355' title='bbox 977 2728 1034 2774; x_wconf 85' lang='lat' dir='ltr'><strong>Sen.</strong></span> <span class='ocrx_word' id='word_1_356' title='bbox 1047 2726 1080 2788; x_wconf 89' lang='lat'><strong>69</strong></span> <span class='ocrx_word' id='word_1_357' title='bbox 1097 2726 1169 2785; x_wconf 82' lang='lat' dir='ltr'><strong>Quid</strong></span> <span class='ocrx_word' id='word_1_358' title='bbox 1182 2733 1219 2774; x_wconf 87' lang='lat' dir='ltr'><strong>est</strong></span> 
     </span>
     <span class='ocr_line' id='line_1_60' title="bbox 720 2793 1214 2841; baseline -0.002 -1"><span class='ocrx_word' id='word_1_359' title='bbox 720 2795 749 2840; x_wconf 86' lang='lat' dir='ltr'><strong>in</strong></span> <span class='ocrx_word' id='word_1_360' title='bbox 771 2793 883 2840; x_wconf 83' lang='lat' dir='ltr'><strong>hominis</strong></span> <span class='ocrx_word' id='word_1_361' title='bbox 905 2795 959 2841; x_wconf 81' lang='lat' dir='ltr'><strong>vita</strong></span> <span class='ocrx_word' id='word_1_362' title='bbox 983 2793 1051 2841; x_wconf 82' lang='lat' dir='ltr'><strong>diu?</strong></span> <span class='ocrx_word' id='word_1_363' title='bbox 1083 2793 1128 2840; x_wconf 85' lang='lat' dir='ltr'><strong>Da</strong></span> <span class='ocrx_word' id='word_1_364' title='bbox 1147 2794 1214 2840; x_wconf 83' lang='lat' dir='ltr'><strong>enim</strong></span> 
     </span>
     <span class='ocr_line' id='line_1_61' title="bbox 720 2860 1219 2923; baseline 0 -16"><span class='ocrx_word' id='word_1_365' title='bbox 720 2868 867 2921; x_wconf 85' lang='lat' dir='ltr'><strong>supremum</strong></span> <span class='ocrx_word' id='word_1_366' title='bbox 885 2866 1003 2921; x_wconf 83' lang='lat' dir='ltr'><strong>tempus;</strong></span> <span class='ocrx_word' id='word_1_367' title='bbox 1019 2860 1079 2923; x_wconf 84' lang='lat' dir='ltr'><strong>suit</strong></span> <span class='ocrx_word' id='word_1_368' title='bbox 1094 2860 1171 2917; x_wconf 85' lang='lat' dir='ltr'><strong>enim,</strong></span> <span class='ocrx_word' id='word_1_369' title='bbox 1189 2866 1219 2907; x_wconf 91' lang='lat' dir='ltr'><strong>ut</strong></span> 
     </span>
     <span class='ocr_line' id='line_1_62' title="bbox 720 2926 1218 2989; baseline 0 -16"><span class='ocrx_word' id='word_1_370' title='bbox 720 2928 843 2987; x_wconf 62' lang='lat' dir='ltr'><strong>arreptum</strong></span> <span class='ocrx_word' id='word_1_371' title='bbox 857 2927 935 2982; x_wconf 81' lang='lat' dir='ltr'><strong>video,</strong></span> <span class='ocrx_word' id='word_1_372' title='bbox 949 2927 1147 2988; x_wconf 74' lang='lat' dir='ltr'><strong>Arganthonius</strong></span> <span class='ocrx_word' id='word_1_373' title='bbox 1163 2926 1218 2989; x_wconf 79' lang='lat' dir='ltr'><strong>qui-</strong></span> 
     </span>
     <span class='ocr_line' id='line_1_63' title="bbox 720 2993 1218 3056; baseline -0.002 -16"><span class='ocrx_word' id='word_1_374' title='bbox 720 2994 779 3040; x_wconf 87' lang='lat' dir='ltr'><strong>dam</strong></span> <span class='ocrx_word' id='word_1_375' title='bbox 796 2993 912 3050; x_wconf 79' lang='lat' dir='ltr'><strong>Gadibus,</strong></span> <span class='ocrx_word' id='word_1_376' title='bbox 926 2994 973 3056; x_wconf 81' lang='lat' dir='ltr'><strong>qui</strong></span> <span class='ocrx_word' id='word_1_377' title='bbox 989 2994 1111 3055; x_wconf 79' lang='lat' dir='ltr'><strong>octoginta</strong></span> <span class='ocrx_word' id='word_1_378' title='bbox 1130 3008 1218 3055; x_wconf 81' lang='lat' dir='ltr'><strong>regna·</strong></span> 
     </span>
     <span class='ocr_line' id='line_1_64' title="bbox 720 3061 1216 3121; baseline -0.002 -15"><span class='ocrx_word' id='word_1_379' title='bbox 720 3067 793 3106; x_wconf 83' lang='lat' dir='ltr'><strong>verat</strong></span> <span class='ocrx_word' id='word_1_380' title='bbox 799 3075 887 3116; x_wconf 89' lang='lat' dir='ltr'><strong>annas,</strong></span> <span class='ocrx_word' id='word_1_381' title='bbox 896 3066 995 3107; x_wconf 84' lang='lat' dir='ltr'><strong>centum</strong></span> <span class='ocrx_word' id='word_1_382' title='bbox 1007 3061 1101 3121; x_wconf 66' lang='lat' dir='ltr'><strong>vagitati</strong></span> <span class='ocrx_word' id='word_1_383' title='bbox 1108 3061 1216 3107; x_wconf 83' lang='lat' dir='ltr'><strong>vixerat.</strong></span> 
     </span>
     <span class='ocr_line' id='line_1_65' title="bbox 721 3124 1217 3188; baseline -0.002 -15"><span class='ocrx_word' id='word_1_384' title='bbox 721 3126 814 3188; x_wconf 87' lang='lat' dir='ltr'><strong>Aper’s</strong></span> <span class='ocrx_word' id='word_1_385' title='bbox 825 3125 907 3188; x_wconf 90' lang='lat' dir='ltr'><strong>point,</strong></span> <span class='ocrx_word' id='word_1_386' title='bbox 920 3124 1058 3182; x_wconf 87' lang='lat' dir='ltr'><strong>therefore,</strong></span> <span class='ocrx_word' id='word_1_387' title='bbox 1070 3125 1092 3173; x_wconf 84' lang='lat' dir='ltr'><strong>is</strong></span> <span class='ocrx_word' id='word_1_388' title='bbox 1104 3125 1161 3173; x_wconf 90' lang='lat' dir='ltr'><strong>that</strong></span> <span class='ocrx_word' id='word_1_389' title='bbox 1173 3124 1217 3172; x_wconf 88' lang='lat' dir='ltr'><strong>the</strong></span> 
     </span>
     <span class='ocr_line' id='line_1_66' title="bbox 720 3191 1218 3253; baseline -0.002 -14"><span class='ocrx_word' id='word_1_390' title='bbox 720 3207 778 3239; x_wconf 90' lang='lat' dir='ltr'><strong>sum</strong></span> <span class='ocrx_word' id='word_1_391' title='bbox 798 3192 864 3240; x_wconf 90' lang='lat' dir='ltr'><strong>total</strong></span> <span class='ocrx_word' id='word_1_392' title='bbox 884 3191 913 3239; x_wconf 88' lang='lat' dir='ltr'><strong>of</strong></span> <span class='ocrx_word' id='word_1_393' title='bbox 933 3191 978 3240; x_wconf 88' lang='lat' dir='ltr'><strong>the</strong></span> <span class='ocrx_word' id='word_1_394' title='bbox 999 3192 1084 3253; x_wconf 90' lang='lat' dir='ltr'><strong>reigns</strong></span> <span class='ocrx_word' id='word_1_395' title='bbox 1104 3206 1218 3239; x_wconf 87' lang='lat' dir='ltr'><strong>enumer-</strong></span> 
     </span>
     <span class='ocr_line' id='line_1_67' title="bbox 720 3258 1217 3323; baseline -0.002 -17"><span class='ocrx_word' id='word_1_396' title='bbox 720 3258 780 3306; x_wconf 85' lang='lat' dir='ltr'><strong>ated</strong></span> <span class='ocrx_word' id='word_1_397' title='bbox 791 3260 848 3307; x_wconf 83' lang='lat' dir='ltr'><strong>does</strong></span> <span class='ocrx_word' id='word_1_398' title='bbox 859 3265 902 3306; x_wconf 87' lang='lat' dir='ltr'><strong>nat</strong></span> <span class='ocrx_word' id='word_1_399' title='bbox 914 3260 1005 3307; x_wconf 83' lang='lat' dir='ltr'><strong>exceed</strong></span> <span class='ocrx_word' id='word_1_400' title='bbox 1016 3272 1063 3306; x_wconf 88' lang='lat'><strong>120</strong></span> <span class='ocrx_word' id='word_1_401' title='bbox 1079 3273 1160 3323; x_wconf 87' lang='lat' dir='ltr'><strong>years,</strong></span> <span class='ocrx_word' id='word_1_402' title='bbox 1173 3258 1217 3305; x_wconf 90' lang='lat' dir='ltr'><strong>the</strong></span> 
     </span>
     <span class='ocr_line' id='line_1_68' title="bbox 721 3324 1216 3374; baseline -0.002 -1"><span class='ocrx_word' id='word_1_403' title='bbox 721 3332 818 3373; x_wconf 90' lang='lat' dir='ltr'><strong>utmost</strong></span> <span class='ocrx_word' id='word_1_404' title='bbox 835 3325 902 3372; x_wconf 88' lang='lat' dir='ltr'><strong>limit</strong></span> <span class='ocrx_word' id='word_1_405' title='bbox 920 3324 949 3372; x_wconf 87' lang='lat' dir='ltr'><strong>of</strong></span> <span class='ocrx_word' id='word_1_406' title='bbox 967 3325 1065 3374; x_wconf 88' lang='lat' dir='ltr'><strong>human</strong></span> <span class='ocrx_word' id='word_1_407' title='bbox 1080 3324 1216 3373; x_wconf 85' lang='lat' dir='ltr'><strong>existence.</strong></span> 
     </span>
     <span class='ocr_line' id='line_1_69' title="bbox 719 3391 1217 3440; baseline -0.002 -1"><span class='ocrx_word' id='word_1_408' title='bbox 719 3392 794 3439; x_wconf 91' lang='lat' dir='ltr'><strong>—in</strong></span> <span class='ocrx_word' id='word_1_409' title='bbox 822 3393 899 3440; x_wconf 91' lang='lat' dir='ltr'><strong>hunc</strong></span> <span class='ocrx_word' id='word_1_410' title='bbox 929 3392 1027 3439; x_wconf 87' lang='lat' dir='ltr'><strong>diem:</strong></span> <span class='ocrx_word' id='word_1_411' title='bbox 1056 3393 1094 3440; x_wconf 72' lang='lat' dir='ltr'><strong>ie.</strong></span> <span class='ocrx_word' id='word_1_412' title='bbox 1118 3398 1146 3439; x_wconf 90' lang='lat' dir='ltr'><strong>to</strong></span> <span class='ocrx_word' id='word_1_413' title='bbox 1173 3391 1217 3439; x_wconf 90' lang='lat' dir='ltr'><strong>the</strong></span> 
     </span>
     <span class='ocr_line' id='line_1_70' title="bbox 720 3458 1218 3522; baseline 0 -17"><span class='ocrx_word' id='word_1_414' title='bbox 720 3465 823 3521; x_wconf 91' lang='lat' dir='ltr'><strong>present</strong></span> <span class='ocrx_word' id='word_1_415' title='bbox 847 3458 959 3506; x_wconf 78' lang='lat' dir='ltr'><strong>time-</strong></span> <span class='ocrx_word' id='word_1_416' title='bbox 972 3458 1154 3522; x_wconf 81' lang='lat' dir='ltr'><strong>colliguntur,</strong></span> <span class='ocrx_word' id='word_1_417' title='bbox 1173 3474 1218 3506; x_wconf 91' lang='lat' dir='ltr'><strong>are</strong></span> 
     </span>
     <span class='ocr_line' id='line_1_71' title="bbox 720 3523 1218 3574; baseline -0.002 -2"><span class='ocrx_word' id='word_1_418' title='bbox 720 3526 793 3573; x_wconf 86' lang='lat' dir='ltr'><strong>made</strong></span> <span class='ocrx_word' id='word_1_419' title='bbox 804 3531 852 3573; x_wconf 86' lang='lat' dir='ltr'><strong>aut.</strong></span> <span class='ocrx_word' id='word_1_420' title='bbox 888 3525 919 3573; x_wconf 93' lang='lat' dir='ltr'><strong>In</strong></span> <span class='ocrx_word' id='word_1_421' title='bbox 938 3525 990 3574; x_wconf 91' lang='lat' dir='ltr'><strong>this</strong></span> <span class='ocrx_word' id='word_1_422' title='bbox 1002 3541 1078 3574; x_wconf 87' lang='lat' dir='ltr'><strong>sense</strong></span> <span class='ocrx_word' id='word_1_423' title='bbox 1091 3525 1135 3573; x_wconf 87' lang='lat' dir='ltr'><strong>the</strong></span> <span class='ocrx_word' id='word_1_424' title='bbox 1147 3523 1218 3572; x_wconf 92' lang='lat' dir='ltr'><strong>word</strong></span> 
     </span>
     <span class='ocr_line' id='line_1_72' title="bbox 719 3590 1216 3655; baseline -0.004 -15"><span class='ocrx_word' id='word_1_425' title='bbox 719 3592 741 3640; x_wconf 90' lang='lat' dir='ltr'><strong>is</strong></span> <span class='ocrx_word' id='word_1_426' title='bbox 750 3592 959 3655; x_wconf 86' lang='lat' dir='ltr'><strong>post-Augustan</strong></span> <span class='ocrx_word' id='word_1_427' title='bbox 967 3590 1018 3640; x_wconf 89' lang='lat' dir='ltr'><strong>and</strong></span> <span class='ocrx_word' id='word_1_428' title='bbox 1028 3606 1084 3640; x_wconf 89' lang='lat' dir='ltr'><strong>rare</strong></span> <span class='ocrx_word' id='word_1_429' title='bbox 1094 3609 1101 3652; x_wconf 88' lang='lat'>;</span> <span class='ocrx_word' id='word_1_430' title='bbox 1117 3590 1149 3639; x_wconf 84' lang='lat' dir='ltr'><strong>cf.</strong></span> <span class='ocrx_word' id='word_1_431' title='bbox 1159 3592 1216 3639; x_wconf 86' lang='lat' dir='ltr'><strong>Ger.</strong></span> 
     </span>
     <span class='ocr_line' id='line_1_73' title="bbox 720 3659 1220 3723; baseline -0.004 -17"><span class='ocrx_word' id='word_1_432' title='bbox 720 3672 750 3722; x_wconf 84' lang='lat'><strong>37</strong></span> <span class='ocrx_word' id='word_1_433' title='bbox 775 3659 878 3707; x_wconf 82' lang='lat' dir='ltr'><strong>ducenti</strong></span> <span class='ocrx_word' id='word_1_434' title='bbox 898 3665 923 3707; x_wconf 86' lang='lat' dir='ltr'><strong>et</strong></span> <span class='ocrx_word' id='word_1_435' title='bbox 941 3659 1029 3723; x_wconf 86' lang='lat' dir='ltr'><strong>ferme</strong></span> <span class='ocrx_word' id='word_1_436' title='bbox 1051 3659 1130 3706; x_wconf 87' lang='lat' dir='ltr'><strong>decem</strong></span> <span class='ocrx_word' id='word_1_437' title='bbox 1152 3659 1220 3706; x_wconf 86' lang='lat' dir='ltr'><strong>anni</strong></span> 
     </span>
     <span class='ocr_line' id='line_1_74' title="bbox 719 3726 882 3789; baseline 0 -16"><span class='ocrx_word' id='word_1_438' title='bbox 719 3726 882 3789; x_wconf 68' lang='lat' dir='ltr'><strong>callaguntur.</strong></span> 
     </span>
    </p>

    <p class='ocr_par' dir='ltr' id='par_1_6' title="bbox 719 3792 1217 3923">
     <span class='ocr_line' id='line_1_75' title="bbox 753 3792 1217 3855; baseline -0.002 -15"><span class='ocrx_word' id='word_1_439' title='bbox 753 3806 778 3853; x_wconf 90' lang='lat'><strong>4.</strong></span> <span class='ocrx_word' id='word_1_440' title='bbox 802 3792 965 3841; x_wconf 79' lang='lat' dir='ltr'><strong>fatebatur:</strong></span> <span class='ocrx_word' id='word_1_441' title='bbox 997 3793 1217 3855; x_wconf 85' lang='lat' dir='ltr'><strong>post-Augustan</strong></span> 
     </span>
     <span class='ocr_line' id='line_1_76' title="bbox 719 3857 1216 3923; baseline 0.008 -19"><span class='ocrx_word' id='word_1_442' title='bbox 719 3857 762 3906; x_wconf 89' lang='lat' dir='ltr'><strong>for</strong></span> <span class='ocrx_word' id='word_1_443' title='bbox 779 3858 954 3907; x_wconf 71' lang='lat' dir='ltr'><strong>dicebat-ei</strong></span> <span class='ocrx_word' id='word_1_444' title='bbox 974 3873 1104 3923; x_wconf 79' lang='lat' dir='ltr'><strong>pugnae:</strong></span> <span class='ocrx_word' id='word_1_445' title='bbox 1123 3858 1177 3917; x_wconf 79' lang='lat' dir='ltr'><strong>via,</strong></span> <span class='ocrx_word' id='word_1_446' title='bbox 1189 3857 1216 3908; x_wconf 87' lang='lat' dir='ltr'><strong>in</strong></span> 
     </span>
    </p>
   </div>
   <div class='ocr_carea' id='block_1_6' title="bbox 1237 347 1268 396">
    <p class='ocr_par' dir='ltr' id='par_1_7' title="bbox 1237 347 1268 396">
     <span class='ocr_line' id='line_1_77' title="bbox 1237 347 1268 396; baseline 0 0"><span class='ocrx_word' id='word_1_447' title='bbox 1237 347 1268 396; x_wconf 84' lang='grc'><strong>31</strong></span> 
     </span>
    </p>
   </div>
   <div class='ocr_carea' id='block_1_7' title="bbox 0 0 1396 4350">
    <p class='ocr_par' dir='ltr' id='par_1_8' title="bbox 0 0 1396 4350">
     <span class='ocr_line' id='line_1_78' title="bbox 0 0 1396 4350; baseline 0 1"><span class='ocrx_word' id='word_1_448' title='bbox 0 0 1396 4350; x_wconf 95' lang='lat' dir='ltr'><strong> </strong></span> 
     </span>
    </p>
   </div>
  </div>
 </body>
</html>
