2784 4350
133 360 185 405 sl.
200 360 224 419 ⁶]

425 361 614 410 DIALOGVS
639 361 689 409 DE
714 362 959 411 ORATORIBVS.

134 550 201 611 quo
222 528 333 592 minus
356 538 390 591 et
417 528 516 592 iudex
540 538 674 611 respuat
701 538 734 593 et
760 530 967 594 adversarius
993 531 1179 611 exprobret,

52 664 55 668 ¹
134 637 200 718 ipsi
224 637 369 720 denique
393 637 544 701 advocati
569 648 799 719 aspernentur.
851 638 959 721 Igitur
971 659 1049 701 vera
1066 637 1179 701 statim
1215 659 1231 704 4

133 754 169 807 et
193 746 386 827 incorrupta
414 745 604 827 eloquentia
632 745 887 823 imbuebantur;
922 754 956 809 et
980 767 1180 829 quamquam

134 874 238 915 unum
264 864 492 936 sequerentur,
519 863 633 917 tamen
658 876 775 917 omnes
808 853 957 918 eiusdem
982 854 1102 917 aetatis
1127 875 1182 936 pa-

132 970 250 1024 tronos
275 961 308 1024 in
333 962 485 1044 plurimis
511 972 545 1025 et
572 963 681 1026 causis
706 972 739 1025 et
759 963 890 1026 iudiciis
912 964 1180 1045 cognoscebant;

132 1070 370 1152 habebantque
407 1071 512 1151 ipsius
552 1071 666 1152 populi
709 1071 1009 1135 diversissimarum
1050 1070 1179 1134 aurium

132 1178 272 1259 copiam,
292 1199 332 1241 ex
360 1200 425 1261 qua
446 1179 543 1241 facile
568 1180 857 1260 deprehenderent
884 1179 963 1262 quid
989 1178 1022 1241 in
1047 1199 1180 1261 quoque

130 1285 185 1348 vel
218 1288 415 1367 probaretur
446 1287 499 1349 vel
537 1288 740 1368 displiceret.
805 1287 858 1351 Ita
889 1307 952 1350 nec
984 1296 1180 1369 praeceptor
1216 1308 1228 1359 5

131 1395 257 1469 deerat,
277 1395 423 1475 optimus
449 1396 582 1477 quidem
601 1404 634 1457 et
652 1395 885 1472 electissimus,
905 1395 961 1477 qui
977 1395 1098 1459 faciem
1116 1396 1179 1458 elo-

131 1503 301 1584 quentiae,
328 1524 394 1564 uon
421 1504 600 1584 imaginem
625 1513 820 1584 praestaret,
847 1523 909 1567 nec
938 1502 1117 1566 adversarii
1146 1513 1179 1565 et

130 1610 263 1685 aemuli,
287 1612 386 1685 ferro,
411 1631 478 1672 non
502 1612 640 1674 rudibus
665 1612 873 1686 dimicantes,
893 1632 954 1675 nec
979 1612 1179 1675 auditorium

131 1738 266 1799 semper
282 1719 427 1800 plenum,
444 1740 576 1800 semper
592 1739 716 1782 novum
730 1739 770 1782 ex
787 1719 907 1783 invidis
925 1729 958 1782 et
975 1720 1177 1795 faventibus

130 1835 169 1889 ut
199 1847 261 1889 nec
289 1829 377 1890 bene
405 1848 467 1890 nec
496 1827 582 1889 male
610 1828 700 1890 dicta
727 1826 1026 1891 dissimularentur.
1077 1828 1179 1892 Scitis
1214 1836 1229 1885 6

130 1936 222 1997 enim
248 1956 402 2017 magnam
429 1936 517 1997 illam
543 1944 576 1997 et
602 1937 794 1999 duraturam
821 1936 1032 2017 eloquentiae
1055 1936 1178 1999 sarnam

130 2065 200 2106 non
226 2044 337 2106 minus
360 2044 395 2105 in
420 2043 559 2107 diversis
584 2044 751 2107 subselliis
775 2042 883 2125 parari
907 2065 1005 2125 quarn
1030 2044 1064 2106 in
1090 2045 1179 2122 suis;

130 2152 211 2215 inde
228 2152 308 2234 quin
328 2152 429 2215 immo
452 2152 661 2215 constantius
683 2172 828 2235 surgere,
848 2152 893 2216 ibi
918 2152 1048 2216 fidelius
1073 2173 1179 2217 corro-

129 2343 176 2376 one
199 2344 247 2375 can
269 2329 346 2376 avoid
360 2328 538 2389 punishment,
557 2328 630 2391 iflrc

129 2400 211 2441 utters
219 2395 365 2456 something.
397 2394 421 2441 It
432 2393 455 2442 is
465 2393 517 2441 this
526 2393 629 2456 general

128 2460 225 2507 notion
241 2460 270 2508 ot
286 2462 408 2522 nuoiding
423 2475 454 2508 or
468 2462 628 2523 preventing,

128 2526 265 2589 attaching
285 2534 312 2574 to
332 2527 376 2574 the
394 2533 524 2583 sentence,
545 2526 628 2574 which

127 2592 243 2657 justifies
251 2593 295 2641 the
305 2609 351 2641 use
361 2593 390 2640 ot
399 2607 456 2656 quo
466 2593 578 2652 minua,
596 2593 628 2641 ct.

129 2674 154 2724 3.
169 2673 179 2706 1
191 2674 215 2706 n.
228 2666 338 2707 terreret.
346 2689 379 2696 -
387 2659 527 2707 contrarie
543 2659 628 2707 dicit:

127 2729 168 2774 ile.
193 2725 351 2775 contradicts
374 2726 628 2775 himen-advo-

128 2793 206 2841 cati:
235 2792 296 2841 here
319 2793 346 2840 in
367 2793 400 2841 its
421 2794 490 2857 early
507 2807 583 2842 sense
600 2792 629 2840 of

127 2861 280 2922 influentiol
282 2861 388 2924 friends
397 2860 456 2908 who
466 2858 629 2922 encouraged

127 2942 145 2974 a
152 2926 255 2989 litigant
264 2926 298 2991 by
305 2926 373 2974 their
381 2942 505 2990 presence
512 2927 538 2974 in
546 2933 628 2975 court.

129 2995 184 3041 For
198 2994 309 3042 another
321 2995 442 3057 meaning
453 3009 497 3042 see
511 3008 532 3041 1.
546 3007 594 3040 2n.

162 3075 188 3122 4.
213 3060 337 3109 iudiciis:
358 3061 478 3109 different
492 3067 582 3118 courts,
600 3075 629 3108 as

128 3127 175 3176 the
208 3127 384 3184 centumviral,
414 3128 547 3191 praetor's,
578 3126 629 3175 and

127 3193 420 3244 others—habebant
434 3230 440 3242 .
456 3230 464 3242 .
480 3229 487 3242 .
501 3195 629 3257 copiam:

127 3264 166 3309 ele.
204 3261 265 3326 they
304 3260 356 3309 had
401 3277 433 3309 an
468 3263 630 3322 opportunity

129 3327 268 3392 (copiam)
283 3327 312 3376 of
325 3328 464 3391 observing
476 3328 520 3374 the
532 3329 629 3375 diverse

126 3402 192 3443 toste
216 3394 350 3458 (aurium)
372 3394 401 3442 of
423 3393 535 3458 popular
558 3392 628 3441 audi-

127 3477 214 3511 ences.

163 3543 188 3591 5.
212 3529 252 3578 ita
269 3541 323 3577 nec
338 3529 450 3576 deerat:
474 3529 510 3576 ita
526 3526 569 3575 for
584 3529 627 3574 ita-

127 3611 197 3660 que,·
214 3595 246 3644 cf.
267 3608 304 3656 17.
321 3595 507 3660 5.-laciem:
525 3596 565 3642 i.e.
584 3594 628 3642 the

127 3671 188 3711 true
188 3661 418 3726 face,asopposed
426 3669 453 3709 to
461 3660 627 3723 imaginem,

128 3745 163 3777 an
172 3730 342 3777 imitation-
350 3728 424 3776 terro
432 3741 490 3776 non
500 3727 627 3785 rudibus,

128 3796 192 3844 with
203 3797 259 3843 real
265 3803 387 3857 weopons,
397 3801 442 3843 not
449 3795 510 3842 with
521 3794 630 3857 soils.-

127 3876 165 3912 ex
174 3861 280 3913 invidis
288 3869 318 3912 et
325 3861 505 3912 faventibus:
523 3858 629 3909 attribu·

680 2327 733 2375 tive
753 2325 872 2375 modifier
892 2327 920 2375 ot
943 2328 1125 2387 auditorium,
1143 2345 1178 2376 an

679 2394 800 2441 audience
817 2395 946 2456 coruposed
962 2395 993 2458 os
999 2395 1106 2458 friends
1125 2397 1181 2444 and

679 2462 792 2508 enemies.
829 2460 871 2508 On
883 2460 947 2509 such
962 2461 1138 2526 employment
1150 2462 1179 2511 of

680 2526 867 2589 prepositional
884 2527 992 2591 phrases
1004 2542 1048 2576 see
1061 2528 1177 2586 Kiihner,

680 2593 756 2656 Ausf.
772 2595 816 2642 Gr.
830 2593 867 2640 II.
881 2594 894 2655 ᾖ
909 2592 938 2658 58
951 2609 974 2651 a,
986 2597 1010 2654 β.

713 2662 737 2707 6.
752 2659 937 2718 duraturam,
957 2661 1040 2710 which
1061 2663 1119 2710 will
1139 2679 1179 2710 en-

679 2727 761 2784 dnre;
791 2725 823 2774 cf.
848 2740 870 2790 9.
895 2740 908 2788 7
934 2729 1178 2777 mamurtina-in

679 2793 802 2842 diversis
816 2793 970 2852 subselliis,
981 2810 1013 2841 on
1025 2795 1066 2842 the
1077 2795 1179 2843 benckes

680 2860 712 2923 of
723 2860 788 2908 one’s
805 2867 945 2922 opponents.
984 2861 1037 2908 For
1054 2861 1177 2911 diversis

679 2925 706 2974 in
724 2926 768 2974 the
786 2941 862 2976 sense
880 2927 909 2975 ot
924 2927 1045 2984 aduersu,
1064 2927 1177 2987 cf.1.4;

681 2993 770 3053 Quint.
782 2993 830 3042 XI.
841 3007 863 3058 3.
876 3007 921 3058 132
934 2995 1041 3042 adversa
1053 2995 1177 3043 subsellio.

681 3059 805 3108 Messalla
814 3075 903 3109 means
913 3060 970 3109 that
980 3060 1179 3109 theconscious·

679 3141 741 3174 ness
759 3125 789 3174 of
805 3125 928 3189 pleading
945 3127 1036 3176 before
1050 3141 1066 3174 a
1082 3127 1178 3176 hostile

680 3191 805 3242 audience
822 3207 898 3255 spurs
914 3208 965 3242 one
982 3209 1016 3242 on
1033 3201 1061 3242 to
1076 3201 1178 3257 greater

680 3257 766 3316 effort,
778 3258 830 3308 and
842 3274 872 3308 so
885 3267 913 3308 to
924 3267 1026 3322 greater
1041 3260 1176 3325 triumphs.

678 3340 809 3388 -quarn
831 3325 860 3375 in
880 3326 941 3374 suis
967 3325 1008 3390 (sc.
1026 3327 1177 3390 subselliis):

679 3393 759 3456 bosane
768 3392 833 3440 one’s
842 3409 897 3440 mon
905 3395 1047 3454 partisans.
1054 3422 1089 3430 —
1096 3394 1162 3442 inde
1171 3410 1177 3440 :

678 3460 715 3506 ie.
736 3476 768 3508 ex
790 3459 914 3507 subselliis
934 3461 1175 3523 aduersis-quin

680 3527 783 3574 immo:
807 3525 990 3589 post-positive
1013 3541 1042 3575 as
1062 3527 1088 3575 in
1109 3527 1132 3575 6.
1154 3541 1176 3590 3.

679 3593 905 3642 —constantius
932 3607 1050 3656 surgere
1074 3594 1116 3656 (sc.
1133 3595 1177 3658 fa-

678 3660 775 3723 mand:
797 3661 834 3707 i.e.
857 3675 873 3708 a
900 3658 978 3708 fuller
1002 3660 1076 3724 glory
1098 3660 1177 3709 arises

679 3726 748 3774 from
760 3725 914 3789 convineing
931 3726 1004 3775 one’s
1022 3733 1177 3789 opponente.

678 3792 835 3842 -fideliua
856 3793 1040 3852 corroborari,
1062 3795 1085 3842 is
1104 3793 1178 3842 estat

678 3859 765 3910 lr'shed
772 3865 840 3922 upon
851 3874 868 3908 a
879 3874 1044 3910 morincurt
1055 3860 1127 3910 boris.
