2784 4350
100 388 150 431 -12,
164 378 189 438 4]
388 379 576 429 DIALOGVS
601 380 652 428 DE
675 377 920 428 ORATORIBVS.
1163 372 1194 425 77

101 548 246 622 Credite,
272 547 390 630 optimi
415 557 458 622 et,
486 547 520 609 in
546 556 708 630 quantum
735 566 819 628 opus
845 554 906 620 est,
933 542 1144 606 disertissimi
1179 562 1192 611 7

99 656 169 731 viri,
189 656 217 718 si
234 664 292 718 aut
308 675 367 717 vos
385 655 550 737 prioribus
573 655 714 718 saeculis
736 663 793 717 aut
816 654 862 715 illi
885 672 968 735 quos
987 651 1146 714 miramur

100 764 152 826 his
168 763 239 827 nati
256 773 381 839 essent,
399 785 437 827 ac
455 764 537 826 deus
554 763 673 846 aliquis
695 763 782 825 vitas
804 782 842 825 ac
864 770 1015 842 tempora
1033 769 1145 823 vestra

99 882 238 954 repente
259 882 432 947 mutasset,
451 892 513 936 nec
535 872 630 935 vobis
654 892 783 935 summa
807 870 863 933 illa
886 870 958 933 laus
983 878 1016 932 et
1041 869 1145 951 gloria

99 981 133 1043 in
165 980 357 1064 eloquentia
388 1001 497 1063 neque
529 980 594 1043 illis
627 981 745 1043 modus
779 989 812 1042 et
844 987 1146 1061 temperamentum

97 1089 272 1153 defuisset.
324 1090 433 1165 Nunc,
456 1090 612 1172 quoniam
635 1110 735 1152 nemo
751 1090 869 1151 eodem
885 1097 1037 1170 ternpore
1053 1089 1144 1150 adse·
1179 1094 1193 1143 8

97 1198 155 1279 qui
171 1207 284 1279 potest
305 1219 460 1279 magnam
482 1198 605 1261 famam
630 1208 662 1261 et
691 1218 847 1280 magnam
871 1196 1029 1280 quietem,
1057 1197 1144 1260 bono

98 1305 222 1368 saeculi
240 1306 291 1368 sui
308 1306 449 1389 quisque
466 1306 549 1370 citra
565 1306 844 1370 obtrectationem
858 1305 994 1367 alterius
1008 1304 1142 1368 utatur.’

145 1412 295 1476 Finierat
325 1414 510 1490 Maternus,
540 1435 615 1478 cum
646 1414 824 1477 Messalla:
866 1415 990 1476 ‘Erant
1022 1410 1192 1495 quibus42

97 1531 215 1584 contra
246 1522 401 1597 dicerem,
435 1531 529 1585 erant
562 1524 604 1585 de
636 1523 758 1605 quibus
789 1522 884 1604 plura
915 1521 980 1585 dici
1012 1521 1141 1596 vellem,

96 1628 164 1691 nisi
187 1629 251 1692 iam
273 1630 345 1692 dies
368 1640 457 1693 esset
481 1630 639 1695 exactus’
691 1629 806 1693 ‘Fiet’
831 1630 939 1713 inquit
967 1630 1142 1693 Maternus
1178 1658 1191 1693 2

98 1746 236 1819 ‘postea
252 1739 413 1801 arbitratu
429 1749 498 1814 tua,
517 1748 550 1801 et
569 1740 596 1801 si
613 1760 679 1821 qua
698 1738 761 1802 tibi
778 1740 920 1802 obscura
937 1738 970 1800 in
988 1738 1051 1801 hoc
1068 1759 1142 1801 meo

96 1866 252 1908 sermone
284 1846 355 1909 visa
386 1856 474 1921 sunt,
505 1848 547 1909 de
579 1847 619 1910 iis
653 1868 767 1909 rursus
801 1845 1035 1909 conferemus.’
1085 1846 1139 1909 Ac

95 1953 197 2015 simul
219 1951 403 2035 adsurgens
429 1964 462 2017 et
488 1954 619 2037 Aprum
645 1955 862 2036 complexus:
897 1954 1009 2036 ‘Ego’
1034 1955 1141 2037 inquit
1178 1976 1192 2025 3

97 2071 153 2124 ‘te
177 2063 295 2143 poetiS,
323 2063 482 2125 Messalla
510 2073 621 2125 autem
649 2064 844 2145 antiquariis
870 2061 1140 2126 criminabimur.'

97 2169 166 2232 ‘At
189 2191 251 2253 ego
273 2192 333 2234 vos
358 2171 547 2235 rhetoribus
573 2182 606 2235 et
632 2170 860 2235 scholasticis’
889 2170 1005 2254 inquit.
1057 2170 1141 2234 Cum

94 2278 303 2354 adrisissent,
322 2279 549 2345 discessimus.
1177 2301 1192 2347 4

104 2451 154 2498 ,7.
178 2435 208 2485 in
229 2443 369 2498 quantum
387 2451 462 2500 opus
486 2445 530 2486 est
553 2437 594 2485 di·
643 2436 1033 2500 possessed.—citra=sine,
1059 2452 1087 2486 as
1116 2437 1142 2485 in

94 2502 266 2551 senissimi:
295 2505 333 2550 ia.
358 2518 389 2551 as
415 2503 538 2566 eloquent
564 2519 593 2552 as
645 2517 683 2564 ²7·
709 2503 919 2552 2.—alterius:
948 2503 1009 2551 here
1033 2503 1074 2551 for
1098 2504 1142 2552 the

93 2570 141 2617 the
170 2568 288 2630 changed
316 2569 464 2618 conditions
492 2569 521 2618 oi
549 2570 593 2618 the
643 2585 701 2633 gen.
720 2570 749 2618 of
764 2572 840 2627 alius,
859 2585 888 2618 as
906 2570 987 2618 usual.

92 2635 173 2684 times
190 2635 267 2684 make
281 2637 547 2700 necessary—vitas
559 2650 593 2684 ac
676 2634 722 2692 42.
742 2637 871 2684 finierat:
889 2651 919 2684 as
931 2637 957 2683 in
969 2650 1006 2696 14.
1018 2651 1073 2684 1.-
1079 2637 1141 2686 dies

92 2710 228 2764 tempora
236 2710 347 2751 vestra:
360 2711 422 2751 note
431 2703 487 2751 that
496 2710 593 2751 vestra
645 2710 780 2752 exactus:
798 2702 885 2765 poetic
898 2702 949 2750 and
958 2704 1142 2766 post-August·

91 2767 212 2816 includes
229 2777 276 2817 not
294 2770 390 2834 merely
402 2784 455 2818 vos
473 2769 519 2818 but
536 2770 593 2818 also
644 2783 676 2817 an
688 2769 730 2817 for
742 2771 794 2817 dics
805 2770 936 2833 consectas.

92 2836 143 2884 illi.
159 2843 478 2900 —temperamentum
514 2838 593 2885 made·
676 2850 701 2884 2.
726 2836 919 2896 conteremus,
949 2839 1053 2902 confer:
1081 2837 1142 2885 here

91 2904 200 2960 ruriam
239 2906 448 2968 post-Augustam
478 2903 520 2952 for
549 2904 593 2953 the
644 2903 708 2952 used
716 2903 867 2968 absolutely.
891 2904 949 2952 The
960 2904 1033 2952 usual
1043 2919 1142 2966 expres-

91 2969 187 3018 earlier
203 2975 377 3032 temperantia.
643 2971 701 3019 sion
713 2971 735 3020 is
746 2986 885 3019 sermonem
900 2972 1019 3035 conferre.

128 3040 153 3086 8.
178 3038 254 3086 bono
277 3039 387 3087 saeculi
411 3037 465 3097 sui,
486 3046 542 3095 etc,
560 3038 596 3086 let
676 3052 702 3098 3.
726 3038 829 3101 poetis,
851 3038 1034 3100 antiquariis:
1057 3039 1142 3085 crimi-

90 3105 154 3152 each
167 3119 213 3151 ane
223 3105 296 3167 enjay
303 3105 344 3152 the
352 3106 504 3168 advantagcs
515 3106 547 3169 as
552 3106 594 3153 his
644 3104 742 3152 uariis
761 3103 862 3167 usually
876 3103 999 3152 followed
1017 3103 1051 3169 by
1065 3104 1138 3166 apud

90 3186 215 3233 manage,
228 3173 265 3217 ie.
278 3169 313 3218 do
331 3186 382 3235 you
400 3171 479 3236 enjoy
492 3171 537 3220 the
551 3171 593 3219 ad·
643 3172 754 3233 aliquem
779 3177 825 3218 not
849 3170 883 3235 by
906 3170 950 3218 the
974 3169 1026 3218 dat.
1068 3172 1142 3218 Anti·

91 3245 221 3298 vantages
240 3236 269 3284 of
288 3252 352 3301 your
372 3252 422 3294 era,
441 3235 493 3285 and
511 3237 593 3286 credit
644 3238 753 3299 quarius
768 3237 790 3286 is
805 3237 866 3285 here
884 3236 947 3285 used
965 3237 991 3284 in
1009 3237 1053 3285 the
1066 3252 1141 3286 sense

90 3303 139 3352 the
151 3302 269 3352 ancients
277 3303 339 3351 with
352 3302 428 3351 those
438 3303 520 3351 which
533 3303 594 3368 they
644 3301 673 3349 of
683 3303 800 3350 admirer
809 3304 840 3366 of
851 3303 893 3350 tle
904 3309 977 3365 para·
989 3317 1033 3351 see
1043 3316 1082 3350 21.
1091 3316 1107 3365 9
1115 3317 1140 3350 n.
