2784 4350
102 367 151 413 -ac
165 369 190 429 ⁶]

398 369 587 419 DIALOGVS
612 370 662 418 DE
687 370 930 419 ORATORIBVS.

150 540 194 601 Et
229 537 411 601 Messalla:
464 540 560 601 ‘Non
597 538 796 613 reconditas,
832 538 995 614 Materne,
1030 558 1146 602 causas
1159 535 1196 599 28

105 644 244 728 requiris
273 666 336 708 nec
364 655 421 708 aut
446 645 508 709 tibi
533 645 597 728 ipsi
621 655 678 709 aut
703 646 780 709 huic
807 646 962 709 Secundo
990 646 1042 709 vel
1071 646 1148 709 huic

105 755 199 836 Apro
215 753 357 837 ignotas,
373 753 473 816 etiam
490 754 517 817 si
536 753 616 816 mihi
630 764 742 835 partes
756 754 940 836 adsignatis
958 754 1148 836 proferendi

106 863 138 925 in
160 862 307 925 medium
329 883 414 945 quac
436 882 553 925 omnes
574 862 747 926 sentimus.
799 862 885 944 Quis
905 863 995 925 enim
1016 863 1147 944 ignorat
1184 885 1197 917 2

105 980 138 1035 et
155 970 379 1054 eloquentiam
396 979 430 1033 et
448 980 577 1034 ceteras
597 980 687 1033 artes
705 970 888 1034 descivisse
903 972 945 1033 ab
963 971 1017 1033 illa
1034 980 1148 1033 vetere

104 1079 217 1162 gloria,
241 1099 309 1141 non
334 1078 446 1161 inopia
467 1078 648 1153 hominum,
671 1080 731 1141 sed
755 1078 883 1141 desidia
907 1078 1091 1141 iuventutis
1114 1088 1148 1141 et

105 1187 319 1270 neglegentia
340 1197 518 1269 parentum
545 1195 578 1249 et
604 1185 783 1249 inscientia
809 1187 1085 1268 praecipientium
1115 1197 1148 1250 et

105 1295 271 1359 oblivione
296 1295 397 1358 moris
417 1294 567 1377 antiqui?
618 1295 714 1377 Quae
737 1295 823 1357 mala
844 1292 987 1375 primum
1011 1295 1044 1357 in
1068 1296 1149 1359 urbe
1184 1318 1198 1368 3

104 1413 192 1479 nata,
211 1424 288 1467 mox
309 1423 368 1485 per
392 1402 522 1465 Italiam
544 1403 630 1478 fusa,
649 1402 715 1465 iam
738 1401 771 1464 in
792 1402 978 1484 provincias
1002 1413 1148 1468 manant.

107 1513 317 1595 Quamquam
333 1519 446 1574 vestra
461 1510 556 1573 vobis
581 1510 711 1574 notiora
736 1520 838 1573 sunt:
862 1531 926 1593 ego
950 1512 991 1573 de
1012 1513 1093 1575 urbe
1116 1522 1148 1575 et
1184 1534 1200 1581 4

104 1621 158 1683 his
190 1619 332 1702 propriis
364 1640 403 1682 ac
434 1618 621 1682 vernaculis
653 1618 744 1682 vitiis
776 1618 900 1701 loquar,
936 1640 1020 1702 quae
1053 1630 1149 1683 natos

104 1727 220 1792 statim
244 1727 412 1809 excipiunt
437 1735 469 1789 et
492 1746 551 1808 per
573 1725 724 1809 singulos
746 1727 866 1790 aetatis
891 1729 1014 1809 gradus
1040 1750 1151 1791 cumu-

104 1837 225 1911 lantur,
256 1835 286 1898 si
313 1834 405 1917 prius
437 1835 479 1897 de
511 1834 689 1897 severitate
717 1856 755 1898 ac
784 1834 961 1917 disciplina
988 1837 1149 1899 maiorum

104 1945 194 2008 circa
206 1944 397 2007 educandos
410 1943 670 2025 formandosque
683 1943 806 2005 liberos
824 1965 930 2025 pauca
945 1945 1148 2026 praedixero,

106 2054 194 2116 Nam
217 2052 345 2133 pridem
366 2072 446 2114 suus
463 2051 583 2133 cuique
600 2051 697 2126 filius,
718 2072 759 2113 ex
775 2061 867 2114 casta
883 2061 1022 2133 parente
1039 2063 1148 2130 natus
1188 2075 1200 2126 5

103 2182 173 2225 non
202 2159 236 2224 in
265 2160 349 2224 cella
375 2169 506 2243 emptae
533 2159 682 2236 nutricis,
712 2159 830 2223 sedin
857 2160 984 2242 gremio
1009 2182 1047 2225 ac
1076 2162 1151 2227 sinu

104 2269 222 2332 matris
255 2269 468 2345 educabatur,
503 2269 598 2332 cuius
638 2268 816 2350 praecipua
855 2269 927 2332 laus
963 2280 1033 2332 erat
1066 2271 1152 2333 tueri

102 2379 241 2441 domum
274 2386 307 2440 et
348 2377 509 2440 inservire
549 2377 687 2453 liberis;
729 2386 785 2440 aut
823 2377 1008 2459 eligebatur
1047 2380 1152 2441 maior
1186 2397 1202 2444 6

137 2535 184 2594 28.
203 2546 261 2596 aut,
274 2545 333 2596 aut,
343 2537 407 2585 vel:
425 2537 469 2586 the
484 2536 605 2601 conjunc·

102 2605 176 2653 tions
199 2611 257 2662 aut,
279 2611 329 2653 aut
352 2618 396 2651 are
416 2602 553 2667 employed
576 2610 604 2652 to

101 2669 261 2733 distinguish
281 2671 416 2718 Maternus
438 2669 492 2731 (the
509 2684 604 2733 person

100 2735 257 2796 addressed)
286 2735 356 2784 from
385 2735 521 2785 Secundus
552 2734 604 2784 and

101 2805 179 2867 Aper
197 2803 264 2866 (who
282 2817 326 2851 are
342 2804 394 2852 less
412 2801 518 2868 directly
529 2803 604 2851 inter·

100 2868 201 2929 ested),
219 2870 265 2918 vel
277 2878 401 2918 connects
410 2868 604 2919 Secundoand

101 2937 318 3000 Apro—etiam
329 2937 370 2985 si:
388 2937 486 3000 closely
492 2934 604 2999 depend-

99 3011 149 3052 ent
163 3019 233 3066 upon
245 3016 299 3052 nec
317 3004 441 3067 ignotas.

136 3083 164 3118 a.
183 3070 602 3133 praecipientium=praccepto-

99 3153 173 3194 rum,
191 3137 217 3185 in
235 3136 393 3185 accordance
411 3136 473 3184 with
492 3136 535 3185 the
555 3136 603 3185 fre·

99 3211 187 3268 quent
209 3205 417 3267 post-Augustas
438 3218 484 3252 use
507 3203 536 3251 of
558 3203 603 3252 the

98 3271 239 3335 participle
264 3286 293 3319 as
312 3286 329 3319 a
350 3286 422 3319 noun
446 3269 476 3318 ol
498 3284 602 3334 agency.

98 3338 171 3386 This
189 3353 269 3400 usage
289 3337 312 3386 is
329 3337 466 3402 especially
482 3336 603 3400 frequent

98 3405 197 3461 where,
221 3420 250 3453 as
273 3404 342 3461 here,
366 3404 411 3453 the
435 3419 480 3452 use
504 3403 533 3451 of
559 3403 603 3452 the

96 3470 248 3536 participial
259 3469 329 3519 form
340 3469 432 3519 avoids
447 3469 603 3535 ambiguity:

98 3543 300 3602 praeceptorum
318 3537 401 3599 might
423 3536 457 3586 be
480 3536 528 3585 the'
544 3551 604 3600 gen·

96 3605 168 3654 itive
190 3602 220 3652 of
236 3610 379 3667 praccepta,
399 3619 429 3653 as
447 3603 504 3652 well
525 3618 554 3652 as
575 3602 604 3651 of

97 3677 287 3735 praeceptores.

135 3753 164 3798 4.
187 3745 298 3786 vestra:
328 3737 387 3786 ‘the
416 3736 550 3786 condition
576 3736 605 3785 of

96 3803 195 3853 affairs
209 3804 235 3852 in
253 3818 319 3868 your
330 3819 388 3852 own
404 3803 544 3867 province‚'
556 3803 603 3850 viz.

97 3869 182 3922 Gaul
210 3870 354 3930 Maternus,
365 3871 437 3934 Aper
445 3867 497 3918 and
511 3869 605 3918 Secun-

655 2535 705 2585 dus
728 2553 794 2584 were
817 2537 943 2603 probably
963 2539 997 2586 all
1020 2538 1050 2586 ol
1070 2540 1152 2588 Gallie

656 2603 746 2666 origin.
783 2603 832 2652 See
846 2604 908 2652 Intr.
921 2620 945 2668 p.
958 2620 991 2652 xx
1003 2604 1152 2655 ff.-urbe:

655 2671 692 2718 ie.
710 2671 800 2718 Roma.
809 2671 897 2718 -his
907 2691 939 2711 =
948 2672 1060 2729 nostrin
1084 2672 1115 2720 cf.
1129 2686 1151 2734 7.

654 2750 671 2796 4
691 2737 733 2784 hic
755 2737 883 2784 tunicatus
900 2738 1152 2803 populus—prius

655 2803 841 2865 praedixero:
859 2803 1003 2866 pleonastic
1021 2805 1073 2854 like
1088 2805 1124 2853 18.
1138 2821 1151 2853 2

653 2877 713 2917 autc
729 2871 1095 2931 praedicam-severitate
1118 2886 1152 2921 ac

655 2936 826 2999 disciplina:
850 2935 993 3002 hendiadys
1009 2937 1051 2986 for
1065 2942 1154 2987 severt-

654 3009 704 3050 tate
711 3004 867 3064 disciplinae,
876 3003 920 3052 the
930 3005 1080 3067 expression
1089 3005 1153 3054 used

653 3077 679 3117 at
689 3069 733 3118 the
743 3069 813 3119 close
822 3069 852 3118 ol
865 3071 971 3133 chapter
980 3085 1018 3134 29.
1026 3073 1152 3131 -circa,

653 3137 715 3184 with
734 3144 828 3198 respect
843 3144 874 3192 tc,
893 3137 965 3186 asin
985 3151 1023 3185 22.
1037 3153 1059 3198 4.
1095 3138 1153 3187 The

653 3202 795 3265 gerundive
812 3205 990 3252 construction
1008 3205 1068 3252 with
1086 3207 1153 3252 circa

653 3270 676 3318 is
690 3285 752 3318 rare.

687 3351 711 3398 5.
730 3338 851 3400 pridem,
857 3338 1030 3401 fornccrly.—
1038 3347 1152 3403 emptae

654 3404 789 3452 nutricis:
817 3405 894 3452 hired
914 3411 963 3452 wel
986 3406 1153 3453 nurse-in

655 3471 766 3533 gremio
779 3483 812 3518 ac
826 3473 909 3520 sinu:
922 3470 954 3519 cl.
967 3473 1031 3533 Agr.
1044 3485 1060 3532 4
1072 3479 1154 3519 mater

654 3538 725 3584 lulia
735 3538 848 3585 Procilla
853 3539 917 3602 suit,
931 3554 1007 3586 rarae
1015 3539 1153 3586 castitatis:

654 3605 683 3650 in
701 3604 779 3651 leuius
795 3605 855 3657 sinu
873 3605 1082 3667 indulgentiaque
1097 3605 1154 3652 edu-

654 3677 731 3718 catus.
743 3699 777 3707 —
789 3671 863 3720 tueri
887 3671 1025 3720 domum:
1052 3670 1084 3719 cf.
1108 3671 1153 3718 the

655 3736 846 3785 characteristic
858 3736 963 3800 epitaph
976 3737 1005 3784 of
1019 3751 1035 3784 a
1050 3738 1153 3785 Roman

654 3811 765 3862 macron,
792 3804 894 3856 domun
921 3805 1037 3860 sccvcvit
1063 3805 1151 3851 lanam

654 3870 726 3933 fecit.
