2784 4350
109 357 161 405 sa
176 359 202 418 ⁶]

406 360 596 409 DIALOGVS
620 360 671 408 DE
694 359 939 409 ORATORIBVS.
1180 357 1212 408 59

111 528 281 609 longeque
297 527 461 591 interesse
478 528 695 591 manifestum
713 537 773 604 est,
793 528 963 610 possideat
986 526 1061 610 quis
1077 546 1163 609 quae
1185 602 1192 607 ,

110 636 242 717 profert
267 657 309 698 an
334 645 516 701 mutuetur.
576 636 708 699 Deinde
733 636 805 718 ipsa
833 636 1012 699 multarum
1040 634 1161 697 artium
1197 656 1211 706 3

112 743 257 807 scientia
273 744 374 807 etiam
391 743 480 806 aliud
496 753 636 825 agentes
654 765 716 807 nos
729 753 824 807 ornat
838 754 939 826 atque
952 743 1010 807 ubi
1026 742 1162 805 minime

111 853 230 915 credas
257 851 383 914 eminet
410 861 443 915 et
471 852 614 927 excellit,
641 852 741 934 idque
770 873 837 915 non
862 853 981 916 doctus
1005 852 1103 914 modo
1128 860 1162 914 et

110 962 262 1042 prudens
279 960 418 1035 auditor,
439 962 497 1024 sed
520 961 620 1023 etiam
639 961 783 1043 populus
804 959 972 1042 intellegit
993 959 1162 1023 aestatim

112 1070 160 1131 ita
193 1068 291 1131 laude
323 1069 537 1151 prosequitur
569 1078 605 1131 ut
637 1068 789 1151 legitime
821 1068 1000 1144 studuisse,
1035 1077 1072 1131 ut
1104 1088 1163 1149 per

112 1197 233 1239 omnes
254 1177 465 1258 eloquentiae
489 1197 645 1240 numeros
670 1178 746 1252 isse,
770 1186 807 1239 ut
830 1177 975 1260 denique
996 1185 1161 1239 oratorem

114 1304 191 1347 esse
223 1284 390 1361 fateatur,
426 1306 525 1367 quem
555 1306 622 1348 non
651 1306 751 1367 posse
780 1286 881 1349 alium
910 1284 1072 1348 exsistere
1100 1304 1163 1347 nec
1197 1304 1212 1349 4
1274 1300 1288 1331 ⁹

114 1393 287 1456 exstitisse
309 1414 466 1476 umquam
490 1395 649 1457 confirmo
672 1393 737 1456 nisi
760 1414 836 1456 eum
853 1393 919 1475 qui,
938 1402 1108 1476 tamquam
1128 1392 1162 1454 in

113 1500 220 1563 aciem
246 1501 401 1565 omnibus
421 1502 523 1565 armis
544 1501 737 1577 instructus
763 1502 810 1565 sic
828 1501 863 1563 in
882 1502 991 1564 forum
1009 1501 1163 1564 omnibus

113 1609 245 1672 artibus
276 1619 424 1672 armatus
457 1601 584 1675 exierit.
650 1611 749 1691 Quod
781 1611 863 1673 adeo
900 1610 1091 1691 neglegitur
1121 1610 1163 1672 ab
1200 1629 1212 1680 5

113 1718 235 1779 horum
253 1726 440 1799 temporum
459 1718 593 1781 disertis
611 1728 647 1780 ut
672 1718 706 1780 in
724 1718 912 1782 actionibus
933 1738 1047 1780 eorum
1065 1717 1164 1779 huius

114 1846 249 1908 quoque
274 1826 449 1889 cottidiani
474 1826 637 1889 sermonis
662 1826 762 1889 foeda
783 1847 822 1889 ac
844 1826 1000 1908 pudenda
1014 1825 1095 1888 vitia
1111 1826 1164 1887 de-

113 1934 376 2015 prehendantur,
403 1943 440 1996 ut
467 1934 621 2016 ignorent
645 1934 748 2016 leges,
771 1955 838 1997 non
863 1943 1001 1997 teneant
1027 1942 1163 1996 senatus

114 2041 278 2116 consulta,
287 2041 338 2104 ius
350 2063 430 2105 suae
444 2043 589 2105 civitatis
601 2043 688 2106 ultro
700 2042 882 2118 derideant,
892 2041 1075 2124 sapientiae
1085 2061 1164 2104 vero

114 2149 265 2214 studium
288 2159 321 2213 et
344 2160 523 2233 praecepta
542 2151 758 2233 prudentium
778 2151 913 2233 penitus
935 2149 1161 2214 reformident.

115 2261 159 2321 In
176 2260 395 2341 paucissimos
414 2280 533 2322 sensus
551 2269 584 2322 et
601 2269 763 2342 angustas
777 2259 963 2323 sententias
981 2259 1163 2322 detrudunt
1198 2275 1214 2323 o

114 2367 341 2448 eloquentiam
366 2368 457 2430 velut
483 2368 654 2448 expulsam
679 2389 784 2450 regno
809 2389 880 2443 su0,
907 2377 943 2430 ut
975 2387 1060 2449 quae
1086 2367 1164 2429 olim

114 2475 267 2538 omnium
293 2476 414 2539 artium
440 2476 575 2538 domina
597 2476 821 2557 pulcherrimo
847 2476 1008 2539 comitatu
1030 2483 1165 2556 pectora

113 2582 287 2663 implebat,
307 2604 397 2646 nunc
418 2583 615 2646 circumcisa
637 2594 669 2647 et
692 2594 874 2666 amputata,
897 2583 970 2647 sine
992 2592 1162 2664 apparatu,

113 2691 191 2754 sine
213 2691 349 2765 honore,
367 2712 473 2772 paene
496 2692 633 2754 dixerim
658 2692 730 2754 sine
751 2692 969 2774 ingenuitate,
988 2691 1083 2773 quasi
1100 2708 1165 2753 una

149 2877 174 2912 2.
195 2864 443 2928 longeinteresse:
464 2867 615 2914 anunusual
666 2883 714 2929 que
736 2867 850 2914 omnibus
872 2867 926 2914 suis
953 2867 1067 2914 numeris
1091 2873 1165 2928 atque

111 2931 240 2989 locution,
249 2931 316 2980 after
325 2932 369 2980 the
381 2933 493 2997 analogy
505 2932 534 2980 of
545 2935 616 2995 loerge
661 2935 787 2994 partibus.
795 2961 829 2969 -—
838 2933 970 2995 denique,
981 2934 1009 2980 in
1020 2949 1036 2980 a
1048 2933 1165 2980 word-

111 2999 202 3045 abesse.
245 2997 303 3046 The
323 2998 398 3046 usual
421 2999 572 3061 expression
593 2999 616 3048 is
666 3006 1007 3057 oratorem,atrueorator,
1016 3013 1045 3046 as
1053 2999 1079 3046 in
1091 3011 1128 3062 15·
1144 3012 1164 3046 ι.

113 3066 227 3112 multum
242 3079 273 3112 or
284 3066 433 3126 plurimum
447 3068 570 3113 interesse.
701 3080 725 3128 5.
743 3065 869 3124 disertis,
879 3066 1003 3128 speakers,
1014 3065 1045 3112 cf.
1057 3078 1078 3112 1.
1087 3079 1165 3112 2η.-

149 3144 174 3190 3.
199 3130 275 3180 aliud
300 3140 420 3194 agentes
441 3147 495 3181 nos
516 3139 611 3180 ornat:
666 3131 966 3188 huiusznostri,asin
980 3144 1165 3194 7.4.-prae·

112 3213 152 3253 as»,
168 3197 212 3244 for
228 3199 353 3260 example,
372 3198 446 3246 when
464 3213 503 3246 we
519 3199 615 3261 mingle
667 3205 751 3262 cepta
764 3198 948 3262 prudentium
961 3199 1090 3262 penitus:
1102 3197 1166 3245 allit-

112 3263 222 3328 socially
231 3264 292 3312 with
305 3264 407 3323 others3
426 3264 522 3324 cf2Cio
530 3267 560 3314 de
570 3267 614 3314 Or.

113 3331 136 3378 Ι.
151 3342 182 3390 72
196 3333 320 3379 neminem
334 3348 384 3380 esse
391 3334 420 3379 in
430 3339 559 3380 oratorum
570 3348 615 3379 nu·

112 3413 186 3444 mero
194 3397 335 3446 habendum
346 3401 393 3462 qui
401 3415 451 3447 non
460 3401 495 3446 sit
500 3399 615 3446 omnibus

112 3464 151 3510 eis
161 3465 267 3522 arte'bus,
280 3481 345 3528 quoe
355 3473 416 3513 sunt
426 3467 504 3514 libero
517 3468 614 3528 dr'gnae,

108 3532 457 3594 perpolitus-studuisse:
470 3531 534 3581 used
542 3531 616 3580 abso-

112 3596 204 3661 lutely,
218 3598 284 3646 asin
299 3612 337 3646 21.
352 3613 389 3662 13.
399 3628 433 3635 —
444 3613 496 3662 per
513 3613 615 3647 omnes

113 3677 253 3712 numeros
283 3665 351 3724 isse,
380 3673 405 3713 to
432 3667 497 3714 have
524 3667 620 3728 passed

112 3731 225 3793 through
246 3732 287 3779 all
304 3733 345 3780 the
364 3739 450 3796 stages.
493 3734 545 3780 For
565 3732 617 3781 this

113 3811 164 3845 use
184 3796 213 3845 of
232 3813 356 3846 numerus
375 3798 407 3847 ci.
427 3799 481 3848 Cio
499 3801 561 3847 Not.
581 3800 616 3846 D.

114 3862 154 3914 11.
173 3876 203 3929 37
225 3865 339 3916 mundus
352 3866 481 3932 perfectus
495 3867 617 3928 expletus·

666 3265 774 3313 eration.

699 3335 723 3380 6.
747 3333 1167 3394 sensus,commonplaces.-an-

666 3406 768 3461 gustas
793 3398 963 3457 sententias,
988 3413 1087 3460 meagre
1114 3414 1166 3445 sen-

665 3473 751 3514 tences.
761 3495 794 3502 -
802 3465 955 3515 comitatu:
976 3465 1024 3512 viz.
1037 3464 1066 3512 of
1077 3465 1109 3512 all
1122 3463 1166 3512 lib-

667 3533 719 3580 eral
728 3541 789 3580 arts.
797 3562 831 3569 —
839 3532 1010 3582 circumcisa
1023 3539 1051 3580 et
1064 3545 1165 3594 ampu-

666 3607 737 3648 tata:
753 3598 1053 3648 termsborrowedirom
1060 3597 1166 3661 garden-

667 3666 712 3729 ing
727 3665 779 3714 and
793 3664 1166 3729 vinedressing.-ingenui-

668 3739 737 3791 tate,
747 3733 788 3780 the
796 3735 895 3796 degnity
904 3734 935 3797 of
933 3734 993 3798 free
1004 3733 1080 3781 birth.
1109 3730 1167 3779 The

668 3798 739 3847 word
748 3800 770 3848 is
780 3815 843 3857 rare,
852 3797 903 3848 and
912 3800 934 3849 is
944 3797 1008 3849 used
1018 3797 1051 3864 by
1059 3797 1166 3847 Tacitus

668 3866 693 3915 in
702 3865 763 3932 only
771 3881 821 3915 one
830 3865 905 3915 other
914 3879 1031 3930 passage,
1039 3865 1087 3915 viz.
1095 3866 1165 3914 Ann.
