2784 4350
188 374 222 426 3⁶
538 376 565 423 P.
586 375 768 424 contram
792 376 920 425 Tncmr
1196 371 1240 433 [1⁰-
1254 386 1281 430 4-

238 542 482 625 philosophiam
514 541 684 604 videretur
715 552 815 626 atque
848 563 888 605 ex
920 563 959 606 ea
994 542 1103 606 locum
1140 542 1279 625 aliquem

238 649 380 713 orationi
406 670 486 713 suae
510 650 682 726 insereret,
709 651 744 713 in
769 650 898 715 caelum
922 650 1076 714 laudibus
1101 650 1277 713 ferebatur.

191 780 204 832 5
241 760 312 823 Nec
338 759 481 835 mirum;
514 767 607 821 erant
636 758 725 822 enim
755 761 836 823 haec
865 780 951 823 nova
979 768 1013 822 et
1043 758 1223 840 incognita,
1251 770 1281 821 et

239 867 386 948 ipsorum
398 886 530 949 quoque
540 876 708 930 oratorum
721 868 911 950 paucissimi
926 876 1103 949 praecepta
1113 867 1280 930 rhetorum

190 982 206 1031 6
239 984 296 1038 aut
322 975 595 1057 philosophorum
624 976 746 1058 placita
774 985 1009 1058 cognoverant.
1072 976 1120 1039 At
1150 976 1282 1039 hercule

240 1083 446 1165 pervulgatis
463 1084 528 1146 iam
545 1084 711 1159 omnibus,
730 1105 805 1148 cum
826 1084 880 1146 vix
900 1084 932 1145 in
956 1084 1084 1147 cortina
1109 1083 1281 1167 quisquam

240 1191 380 1254 adsistat
403 1191 483 1274 quin
506 1191 682 1255 elementis
704 1191 889 1255 studiorum
911 1191 974 1255 etsi
997 1212 1064 1254 non
1087 1192 1281 1265 instructus,

240 1308 273 1361 at
303 1308 394 1362 certe
422 1299 571 1363 imbutus
598 1300 651 1374 sit,
679 1300 775 1363 novis
804 1308 837 1363 et
871 1299 1045 1381 exquisitis
1075 1299 1283 1381 eloquentiae

239 1405 417 1470 itineribus
441 1428 525 1489 opus
550 1416 611 1483 est,
630 1427 689 1489 per
714 1427 799 1489 quae
823 1416 934 1469 orator
957 1406 1130 1469 fastidium
1155 1406 1283 1470 aurium

241 1514 392 1596 effugiat,
417 1514 533 1597 utique
557 1516 644 1596 apud
670 1535 728 1577 eos
753 1514 880 1579 iudices
904 1514 960 1597 qui
986 1515 1018 1576 vi
1043 1524 1077 1577 et
1105 1524 1283 1595 potestate,

241 1642 309 1683 non
327 1622 397 1685 iure
420 1631 453 1685 et
476 1623 607 1703 legibus
625 1633 834 1705 cognoscunt
855 1644 917 1685 nec
938 1622 1106 1704 accipiunt
1123 1632 1283 1704 tempora,

242 1730 300 1792 sed
329 1730 550 1805 constituunt,
578 1750 640 1794 nec
666 1731 927 1812 exspectandum
957 1730 1081 1793 habent
1109 1740 1284 1805 oratorem,

241 1838 320 1900 dum
340 1836 388 1899 illi
410 1836 512 1900 libeat
535 1838 576 1901 de
598 1838 671 1919 ipso
693 1838 831 1920 negotio
853 1837 973 1913 dicere,
993 1839 1052 1901 sed
1075 1858 1174 1919 saepe
1200 1838 1286 1900 ultro

241 1945 423 2008 admonent
441 1955 542 2028 atque
559 1945 622 2009 alio
639 1946 944 2028 transgredientem
965 1954 1121 2009 revocant
1142 1955 1175 2008 et
1196 1946 1288 2009 festi·
1384 2002 1385 2013 2

192 2050 230 2116 20
243 2073 322 2116 nare
339 2073 375 2116 se
392 2061 569 2117 testantur.
620 2054 707 2136 Quis
728 2074 817 2117 nunc
839 2053 925 2116 feret
947 2062 1111 2116 oratorem
1135 2054 1176 2116 de
1202 2054 1288 2116 infir-

242 2160 359 2224 mitate
386 2159 587 2225 valetudinis
617 2182 695 2225 suae
724 2161 941 2244 praefantem,
970 2161 1081 2244 qualia
1109 2170 1188 2225 sunt
1218 2161 1289 2225 lere

242 2268 404 2351 principia
432 2268 592 2332 Corvini?
649 2270 734 2352 Quis
767 2269 914 2352 quinque
946 2269 980 2331 in
1012 2270 1152 2332 Verrem
1185 2270 1288 2333 libros

242 2429 303 2478 here
320 2429 347 2478 in
362 2428 414 2478 this
431 2428 675 2479 sense—locum:
693 2431 739 2494 (se.

791 2430 928 2493 Augustan
949 2429 1047 2479 writers
1068 2430 1169 2495 usually
1186 2432 1290 2496 employ

241 2495 419 2560 communem),
446 2498 636 2558 commonplace.
679 2497 742 2544 Loci

789 2499 839 2554 oia,
866 2503 913 2544 not
936 2498 990 2552 iter,
1017 2511 1060 2558 eg.
1088 2496 1140 2544 Cic.
1172 2498 1216 2545 Or.
1243 2511 1291 2558 114

241 2579 385 2611 communes
402 2577 445 2611 are
462 2577 587 2626 passages
603 2562 686 2611 which
704 2562 739 2610 do

242 2636 289 2677 not
307 2628 365 2678 deal
380 2629 442 2678 with
460 2637 610 2692 arguments
626 2629 740 2692 peculiar

243 2703 271 2743 to
282 2710 316 2743 an
330 2695 474 2744 individual
491 2711 559 2754 case,
580 2695 627 2744 but
647 2711 691 2744 are
711 2695 740 2744 of

242 2763 345 2824 general
368 2762 543 2826 applicati0n;
578 2762 611 2811 ci.
632 2763 687 2811 Cic.
710 2763 741 2810 de

242 2829 301 2876 Ino.
321 2829 357 2876 11.
377 2843 408 2890 47
423 2837 490 2891 pars
508 2831 738 2892 (argumentorum)

241 2901 279 2943 est
299 2898 466 2958 pervagatior
487 2903 511 2944 et
530 2903 578 2943 aut
599 2897 628 2944 in
657 2897 741 2943 omnis

241 2962 351 3010 eiusdem
372 2964 475 3024 generis
491 2964 583 3010 autin
602 2963 741 3025 plerasque

242 3044 332 3076 causas
359 3030 564 3086 accommodam
593 3029 654 3077 hoec
682 3045 741 3092 ergo

242 3102 402 3157 argumento,
437 3111 502 3158 quoe
537 3096 679 3159 transferri
711 3097 739 3142 in

242 3163 338 3208 multas
354 3178 444 3209 causas
459 3169 573 3224 possunt,
594 3163 658 3209 locos
677 3177 739 3210 com-

243 3229 330 3275 munis
353 3229 537 3285 nominamus,·
563 3229 593 3277 de
618 3229 662 3276 Or.
687 3227 739 3275 111.

245 3307 290 3353 107
303 3311 309 3353 ;
328 3293 417 3353 Quint.
432 3295 467 3340 Il.
483 3307 504 3341 1.
516 3308 539 3357 9.

276 3373 300 3421 5.
319 3360 406 3408 haec:
419 3362 456 3408 ie.
470 3359 514 3408 the
528 3359 630 3409 various
645 3359 740 3408 rhetor·

242 3425 463 3474 iealrefinements
473 3426 556 3475 above
564 3425 740 3474 enumerated.

276 3494 301 3540 6.
326 3493 451 3541 cortina:
473 3493 511 3540 lit.
532 3509 549 3540 a
569 3494 654 3548 vessel,
674 3494 742 3541 coul-

242 3560 316 3616 dron,
326 3558 388 3607 here
398 3561 549 3624 apparently
557 3558 621 3608 used
630 3559 659 3607 of
667 3574 742 3608 some

243 3625 317 3688 place
340 3626 425 3675 where
455 3626 500 3675 the
522 3625 626 3689 general
654 3624 743 3689 public

243 3692 368 3755 gethered
386 3701 414 3741 to
427 3693 532 3742 witness
545 3693 625 3741 trials.
662 3692 742 3741 Some

244 3758 311 3807 refer
330 3759 353 3809 it
373 3766 401 3808 to
420 3759 465 3808 the
485 3758 580 3808 curved
600 3774 663 3821 apse
680 3758 710 3806 of
727 3773 743 3806 a

244 3825 351 3875 basilica
373 3841 403 3874 or
425 3826 474 3874 law
496 3825 742 3874 court—itineri-

245 3895 309 3950 buS,
321 3893 440 3942 methods.
476 3892 507 3942 In
525 3891 577 3942 this
594 3907 670 3941 sense
687 3907 742 3956 pre·

790 2563 914 2626 duplicem
950 2563 1041 2611 habuit
1073 2563 1177 2610 docendi
1210 2565 1290 2611 viam.

789 2636 1027 2692 —cognoscunt’z
1044 2628 1106 2676 here
1129 2628 1193 2678 used
1217 2629 1292 2678 abso·

789 2695 870 2760 lutely
889 2695 919 2744 of
938 2694 1043 2759 judicial
1064 2695 1216 2758 procedure.
1253 2697 1291 2745 So

790 2763 846 2810 also
857 2775 897 2822 41.
919 2761 935 2812 6
954 2763 1085 2810 clementia
1105 2765 1272 2825 cognoscentis
1280 2779 1291 2820 ;

790 2829 859 2877 Ht'st.
873 2829 919 2876 IV.
941 2843 972 2888 42
993 2836 1148 2891 cognmeeret
1166 2837 1272 2877 senatus
1280 2847 1292 2887 ;
1385 2833 1386 2836 ’

792 2895 865 2959 Pliny
883 2896 933 2957 Ep.
951 2895 972 2942 1.
988 2909 1024 2943 10.
1041 2896 1292 2959 10.—accipiunt:

790 2962 828 3008 ie.
841 2961 886 3009 the
900 2961 994 3025 judges
1012 2960 1047 3008 do
1067 2969 1114 3009 not
1133 2961 1225 3010 follow
1246 2962 1293 3010 the

790 3027 922 3090 speaker’s
938 3026 1031 3076 wishes
1043 3042 1072 3075 as
1090 3035 1118 3076 to
1136 3028 1182 3076 the
1200 3035 1293 3077 extent

790 3093 820 3142 oi
831 3094 894 3142 time
910 3101 938 3142 to
959 3093 991 3142 be
1002 3093 1120 3156 granted,
1141 3093 1188 3143 but
1209 3094 1293 3144 deter-

791 3160 859 3209 mine
874 3161 893 3208 it
908 3160 1108 3221 (constituunt)
1122 3161 1292 3210 themselves.

790 3228 899 3276 -durn
916 3227 956 3275 illi
972 3226 1068 3285 libeat,
1082 3235 1143 3275 etc:
1163 3228 1243 3276 ‘until
1258 3228 1294 3276 he

790 3301 848 3356 gets
865 3293 943 3358 ready
955 3301 982 3341 to
997 3308 1071 3341 come
1089 3301 1117 3341 to
1135 3293 1180 3342 the
1198 3294 1293 3357 point!

791 3361 910 3410 —ultro
940 3361 1115 3408 admonent:
1145 3361 1226 3409 ‘take
1251 3377 1285 3409 oc

791 3426 879 3474 casion
897 3433 925 3474 to
943 3424 1043 3473 remind
1062 3426 1143 3486 him’;
1168 3426 1200 3474 cf.
1219 3441 1262 3492 39.
1278 3441 1293 3488 4

791 3494 852 3556 quin
864 3499 935 3554 saepe
945 3492 1024 3540 iudex
1035 3493 1177 3555 interrogat
1187 3495 1295 3556 quando

792 3559 1003 3621 incipian-alio
1012 3559 1293 3622 transgredientem:

792 3625 919 3682 conative,
937 3627 1089 3688 attemptr'ng
1103 3633 1128 3673 to
1144 3626 1295 3688 degress—

793 3691 947 3740 festinare:
966 3690 1029 3740 used
1042 3691 1194 3756 absolutely.

825 3755 871 3814 20.
895 3758 1036 3821 principia
1055 3757 1189 3806 Corvini:
1211 3759 1293 3820 Quin-

793 3823 864 3872 tilian
877 3825 933 3872 also
951 3824 1082 3872 mentions
1099 3824 1164 3872 such
1182 3828 1294 3874 exordia

794 3890 851 3953 (IV.
867 3904 876 3938 1
899 3889 934 3949 8),
947 3897 989 3957 yet
1004 3890 1156 3942 commends
1172 3891 1246 3943 them
1265 3908 1294 3942 as
