2784 4350
548 348 574 395 P.
597 348 778 397 corruam
802 349 930 397 xxciii
1207 347 1252 413 [rr.
1266 361 1290 406 s·

246 514 386 578 busdam
405 513 527 577 solacio
545 525 606 589 est,
626 516 707 578 mihi
724 525 825 598 auget
843 515 1083 598 quaestionem,
1103 515 1182 598 quia
1197 516 1287 579 video

246 621 347 684 etiam
374 621 512 684 Graecis
536 623 708 698 accidisse,
727 633 764 686 ut
786 623 919 705 longius
942 623 1030 687 absit
1055 625 1097 686 ab
1121 623 1290 687 Aeschine

247 740 280 792 et
307 730 539 792 Demosthene
567 730 730 794 Sacerdos
757 730 812 794 ille
838 731 978 795 Nicetes
1003 741 1036 794 et
1061 731 1090 794 si
1114 732 1188 814 quis
1212 731 1291 794 alius

248 839 419 919 Ephesum
453 838 505 902 vel
539 838 722 922 Mytilenas
753 847 920 902 concentu
952 839 1230 903 scholasticorum
1260 850 1290 901 et

247 947 446 1010 clamoribus
469 946 590 1028 quatit,
620 968 719 1030 quam
746 946 833 1010 Afer
858 956 914 1011 aut
941 947 1125 1011 Africanus
1151 957 1208 1009 aut
1233 967 1289 1010 nos

249 1056 312 1138 ipsi
328 1077 348 1119 a
365 1057 526 1119 Cicerone
543 1066 600 1119 aut
619 1054 741 1118 Asinio
759 1055 979 1120 recessimus’
1126 1061 1129 1066 ’

200 1163 235 1226 16
296 1163 495 1246 ‘Magnam’
531 1164 639 1247 inquit
678 1163 854 1228 Secundus
891 1175 943 1228 ‘et
978 1165 1113 1248 dignam
1149 1173 1290 1228 tractatu

247 1273 478 1355 quaestionem
501 1272 644 1336 movisti.
695 1271 764 1336 Sed
787 1273 862 1356 quis
883 1294 957 1336 eam
980 1272 1101 1335 iustius
1118 1272 1291 1354 explicabit

247 1402 345 1462 quam
362 1389 409 1456 tu,
427 1381 468 1442 ad
485 1380 579 1443 cuius
598 1401 763 1444 summam
782 1381 1004 1444 eruditionem
1025 1370 1059 1443 et
1082 1381 1292 1462 praestantis-

246 1489 366 1552 simum
385 1488 556 1570 ingenium
576 1509 655 1552 cura
671 1509 804 1571 quoque
821 1498 854 1551 et
872 1489 1045 1552 meditatio
1062 1489 1205 1552 accessit
1218 1487 1248 1550 ?’

200 1619 212 1652 2
295 1598 338 1659 Et
358 1596 516 1660 Messalla
539 1595 733 1678 ‘Aperiam’
755 1597 862 1680 inquit
888 1597 1130 1678 ‘cogitationes
1147 1617 1248 1671 meas,
1267 1597 1294 1658 si

248 1705 328 1768 illud
345 1726 364 1768 a
379 1705 474 1768 vobis
491 1715 569 1769 ante
589 1705 819 1787 impetravero,
835 1715 870 1767 ut
888 1725 948 1768 vos
961 1725 1093 1787 quoque
1106 1724 1293 1768 sermonem
1388 1780 1389 1803 χ

248 1814 337 1876 hunc
354 1823 505 1876 nostrum
522 1812 708 1877 adiuvetis'

199 1945 214 1995 3
296 1923 378 1984 ‘Pro
406 1921 555 1984 duobus'
585 1922 693 2004 inquit
722 1922 898 1984 Maternus
926 1921 1126 2003 ‘promitto;
1158 1941 1236 1983 narn
1263 1930 1295 1982 et

249 2050 312 2111 ego
340 2039 374 2092 et
404 2029 579 2092 Secundus
609 2049 830 2112 exsequemur
857 2050 914 2092 eas
942 2039 1063 2110 partes
1092 2049 1174 2110 quas
1202 2028 1296 2091 intel-

249 2137 427 2202 lexerimus
449 2147 484 2201 te
506 2147 663 2201 nontam
686 2137 840 2202 omisisse
865 2158 963 2220 quam
989 2136 1085 2200 nobis
1110 2135 1295 2219 reliquisse.

184 2270 214 2325 ,4
249 2246 380 2329 Aprum
398 2246 487 2309 enim
505 2246 611 2309 solere
628 2246 810 2309 dissentire
832 2254 866 2308 et
889 2255 926 2309 tu
948 2244 1058 2327 paullo
1081 2255 1161 2308 ante
1182 2245 1297 2308 dixisti
1389 2291 1390 2320 ,

198 2344 201 2349 ¹
248 2339 281 2416 et
305 2354 377 2436 ipse
396 2354 478 2417 satis
498 2353 698 2417 manifestus
722 2362 773 2416 est
796 2353 861 2416 iam
884 2353 1009 2417 dudum
1034 2351 1068 2414 in
1091 2351 1298 2414 contrarium
1389 2343 1390 2352 ’

248 2462 379 2544 accingi
403 2482 465 2525 nec
491 2482 597 2543 aequo
626 2461 738 2524 animo
767 2461 914 2542 perferre
942 2460 1028 2525 hanc
1057 2468 1207 2522 nostram
1235 2478 1298 2541 pro

248 2570 461 2652 antiquorum
486 2569 582 2631 laude
607 2568 840 2632 concordiam'

246 2727 394 2789 equivalent
414 2734 441 2773 to
455 2733 582 2787 persaepe,
597 2741 625 2773 as
644 2725 746 2789 usually
796 2724 841 2773 the
853 2738 969 2788 younger
982 2724 1061 2788 Pliny.
1094 2724 1143 2772 See
1158 2724 1232 2788 Pliny
1244 2725 1300 2785 Ep.

246 2793 272 2841 in
285 2794 398 2843 Tacitus.
797 2791 843 2839 Vl.
862 2790 885 2839 6.
904 2805 919 2855 3
937 2807 999 2853 quos
1016 2798 1077 2839 tune
1093 2807 1136 2854 ega
1145 2791 1302 2854 frequenta·

279 2873 303 2921 5.
327 2860 394 2922 quia
413 2859 514 2907 video:
534 2858 590 2906 ‘the
607 2857 660 2906 fact
681 2858 744 2913 that,
796 2858 860 2913 bam,
875 2858 1076 2917 Quintilianum,
1089 2858 1195 2905 Niceten
1207 2857 1302 2904 Sacer·

245 2941 274 2974 as
286 2927 296 2973 l
308 2926 368 2974 see’
395 2925 502 2973 Tacitus
513 2924 686 2990 occasionally
694 2939 745 2973 em·
794 2925 1092 2987 dotem-Ephesum,
1115 2923 1279 2984 Mytilenas
1292 2940 1300 2970 ε

245 2993 320 3057 ploys
331 2994 392 3056 quia
405 2992 447 3040 for
459 2993 528 3054 quad
538 2999 565 3038 to
578 2990 713 3039 introduce
729 3006 745 3039 a
794 2991 821 3038 in
834 2991 878 3039 the
890 2990 952 3039 time
962 2990 991 3038 oi
1003 2990 1140 3053 Augustus
1151 2989 1303 3054 Mytilenae

244 3059 406 3108 substantive
419 3058 514 3114 clause,
527 3059 651 3120 agrian.
666 3058 745 3121 IL43
795 3072 847 3106 was
869 3057 913 3105 the
934 3072 1006 3105 more
1025 3056 1130 3105 famous
1153 3055 1249 3105 school
1271 3056 1304 3103 oi

247 3127 396 3174 Germanico
402 3126 524 3173 alienatio
532 3126 627 3186 patrui
632 3139 743 3172 amarem
796 3125 840 3173 the
848 3131 1095 3173 two—concentu
1106 3123 1303 3172 scholastico-

243 3200 311 3253 apua
321 3199 410 3240 ceteras
419 3198 531 3239 auxerat
538 3199 562 3239 et
571 3193 632 3254 quia
642 3193 745 3239 claritu·
796 3205 859 3240 rum
878 3198 907 3239 et
924 3190 1109 3249 clamoribus,
1128 3192 1158 3252 by
1174 3191 1217 3238 the
1236 3191 1307 3237 laud

243 3260 303 3306 dine
325 3260 439 3306 materni
460 3260 563 3321 generis
586 3259 746 3306 anteiban-
795 3257 998 3320 applauscoshis
1001 3259 1099 3319 pupils.
1123 3257 1304 3305 Scholastieus

244 3325 331 3373 etiarn
362 3325 480 3375 Graecis
511 3325 662 3383 accidisse,
682 3332 744 3372 ete:
795 3324 817 3372 is
841 3323 980 3372 elsewhere
1003 3324 1102 3371 teacher
1124 3324 1157 3387 as
1174 3323 1303 3379 rhetoric,

243 3392 288 3439 the
300 3392 405 3441 writer's
422 3391 506 3440 desire
526 3391 568 3439 for
586 3391 686 3455 brevity
697 3391 745 3438 has
795 3407 838 3453 ag.
867 3389 908 3439 26.
939 3390 1152 3438 11.-Asinio:
1181 3405 1227 3439 see
1261 3403 1303 3437 12.

242 3458 384 3520 prevented
408 3459 453 3507 the
478 3458 572 3521 logical
594 3457 744 3520 expression
796 3471 844 3518 7n.

242 3524 272 3572 of
283 3525 327 3573 the
340 3525 460 3587 thought,
476 3525 530 3581 viz,
546 3525 602 3573 that
616 3524 659 3573 the
671 3538 744 3572 same
827 3521 871 3579 16.
891 3523 1092 3585 quaestionem
1108 3522 1248 3573 movisti:
1266 3521 1306 3569 cf.

243 3592 392 3653 experience
403 3592 450 3640 has
459 3590 572 3641 befallen
581 3591 625 3639 the
634 3590 742 3647 Greeks,
795 3603 857 3656 25.1
872 3592 986 3638 nominis
997 3591 1193 3639 controversiam
1207 3591 1305 3637 mm't.

242 3658 293 3706 and
315 3674 379 3707 even
399 3659 425 3706 in
444 3673 460 3706 a
480 3666 582 3721 greater
600 3657 744 3720 degree-
827 3673 852 3718 4.
876 3658 939 3720 ipse
970 3658 1144 3706 manifestus
1174 3664 1221 3705 est
1254 3668 1308 3703 ac-

243 3726 387 3774 Sacerdos
410 3725 456 3773 ille
480 3725 620 3773 Nicetes:
644 3739 661 3771 a
678 3724 744 3772 rhet·
795 3723 881 3786 cingi,
900 3731 965 3772 ete:
985 3738 1001 3771 a
1018 3723 1136 3772 Grecism
1152 3721 1196 3770 for
1213 3725 1308 3771 nani·

242 3790 339 3839 orician
353 3791 382 3839 of
401 3791 518 3855 Smyrna.
556 3791 599 3839 He
611 3790 705 3851 taught
716 3789 744 3837 in
795 3790 893 3854 festum
906 3796 943 3838 est
958 3792 1043 3852 ipsum
1061 3790 1162 3851 accingi
1177 3779 1309 3851 nec'yoer·

244 3858 336 3913 Rome,
355 3854 408 3904 and
426 3872 478 3905 was
497 3856 541 3904 the
558 3856 700 3905 instructor
715 3854 745 3903 ol
793 3856 876 3919 serre.
