2784 4350
594 353 895 402 INTRODUCTION.

345 517 502 577 instances
517 519 569 578 the
585 538 782 579 new-comers
797 538 922 596 express
932 540 951 578 a
961 520 1027 580 sear
1038 521 1071 579 of
1085 519 1264 596 intruding:

345 620 431 676 Dial.
443 641 453 676 .·
474 639 544 678 num
559 628 673 694 parum
695 620 879 694 tempestivus
900 621 1019 678 inuenit
1054 622 1088 677 de
1112 621 1164 680 Or.
1175 643 1186 677 :
1206 621 1268 677 nisi

341 719 425 793 forte
439 720 550 776 molesti
562 720 776 778 intervenimus.

387 817 420 896 4)
443 818 511 876 One
527 817 727 877 interlocutor
741 819 855 895 speaks
870 820 917 878 ior
932 829 1000 879 twa.
1046 819 1094 878 Cf.
1110 821 1196 877 Dial.
1217 821 1262 877 16.

345 936 362 992 3
379 926 440 992 pro
460 919 569 976 dnobus
582 921 732 993 promitto,
753 919 824 977 with
843 920 878 976 de
898 921 950 980 Or.
966 921 1008 978 11.
1025 936 1061 995 27
1071 926 1131 994 pro
1145 926 1268 995 utroque

344 1018 502 1092 respondeo.
548 1019 583 1075 In
614 1018 691 1078 both
717 1037 864 1095 passages
889 1037 934 1077 we
963 1019 1041 1076 have
1070 1017 1187 1077 further
1211 1018 1265 1076 the

345 1117 456 1192 phrase
471 1119 500 1174 si
511 1125 580 1176 ante
594 1119 669 1199 (uisi
678 1116 784 1195 prius)
800 1138 820 1176 a
835 1120 914 1176 uobis
928 1120 1124 1192 impetrauero.

387 1215 420 1295 5)
443 1218 537 1275 Inde
561 1219 614 1277 Or.
639 1220 663 1276 Ι.
691 1239 745 1276 ιιι
775 1219 907 1277 Crassus
936 1217 1089 1296 modestly
1113 1219 1209 1276 refers
1232 1227 1266 1276 to

345 1315 393 1374 his
419 1316 627 1376 contribution
657 1326 690 1376 to
716 1318 768 1376 the
794 1317 969 1376 discussion
995 1336 1029 1376 as
1055 1318 1197 1392 ineptiae3
1229 1336 1266 1375 so

273 1441 277 1446 ¹
347 1416 494 1474 Messalla
510 1415 540 1474 in
557 1419 644 1476 Dial.
661 1437 710 1492 32.
731 1439 776 1476 ιι.

262 1517 287 1574 b.
319 1514 440 1573 Similar
455 1516 603 1593 thoughts
618 1517 786 1593 expressed
801 1516 833 1574 in
848 1516 964 1575 similar
979 1517 1130 1594 language
1146 1539 1153 1575 ε

404 1650 535 1708 Cressa.
929 1651 1105 1709 DIALOGUS.

262 1749 296 1805 de
335 1749 388 1807 Or.
425 1751 449 1807 I.
484 1767 520 1826 53
535 1770 595 1826 qua
618 1752 721 1808 renisi
810 1770 859 1825 31.
882 1770 900 1826 3
927 1750 1090 1826 dequibus
1113 1751 1218 1825 copiose
1240 1758 1270 1809 et

220 1849 275 1924 qui
291 1855 418 1905 naturas
439 1849 588 1908 hominum
606 1851 722 1926 vimque
769 1851 853 1907 uarie
878 1856 906 1907 ct
932 1857 1034 1908 ornate
1065 1867 1147 1907 nemo
1178 1851 1270 1907 dicere

220 1965 330 2006 omnem
348 1948 544 2006 humanitatis
560 1968 720 2026 causasque
768 1955 869 2023 potest,
890 1951 952 2006 nisi
971 1951 1026 2026 qui
1040 1951 1168 2024 cognom't
1182 1959 1268 2008 natu-

220 2067 270 2106 eas
283 2049 389 2123 quibus
404 2055 509 2106 mentes
526 2057 580 2107 acet
598 2053 718 2108 incitan-
769 2070 834 2107 ram
845 2051 1005 2107 humanam
1016 2058 1044 2107 et
1051 2051 1110 2108 uim
1121 2052 1268 2108 uirtutum

221 2155 274 2206 tur
299 2155 355 2207 aut
389 2150 574 2225 reflectuntur
599 2152 719 2226 penitus
770 2150 1006 2225 pravitatemque
1020 2150 1166 2210 uitiorum.

219 2252 412 2326 perspexerit,
426 2253 542 2310 dicendo
555 2252 635 2327 quod
648 2252 721 2309 volet

219 2352 356 2426 perficere
374 2369 430 2407 nan
444 2352 563 2423 poterit.

263 2468 297 2525 de
315 2469 367 2527 Or.
385 2470 409 2526 Ι.
427 2469 467 2540 64
489 2469 596 2530 is.erit
618 2476 719 2527 orator
809 2467 896 2525 Dial.
909 2486 958 2542 30.
971 2468 990 2524 8
1002 2468 1054 2525 sed
1065 2469 1091 2525 is
1101 2469 1272 2526 eritorator

221 2588 283 2626 meu
305 2570 449 2639 sententia,
475 2569 528 2626 troc
551 2575 610 2625 tam
627 2568 721 2642 gravi
768 2567 822 2643 qui
834 2567 956 2624 deomni
963 2567 1128 2641 quaestione
1142 2568 1271 2643 pulchre

221 2671 328 2743 <lignus
349 2671 468 2742 nomene,
488 2671 547 2745 qui,
570 2686 719 2744 quaecum·
767 2672 796 2724 et
809 2671 913 2723 ornate
928 2671 956 2722 ct
974 2665 1019 2723 od
1028 2659 1270 2742 persuadendum

220 2790 276 2846 que
297 2792 344 2830 res
365 2774 497 2831 inciderit
522 2774 656 2848 quaesit
676 2772 718 2828 di·
767 2777 834 2845 apte
845 2771 937 2828 dicere
948 2778 1008 2844 pro
1019 2771 1160 2845 dignitate
1170 2790 1269 2827 rerum

221 2874 310 2931 ctione
321 2876 501 2950 explicanda,
516 2875 680 2949 prudenter
691 2879 719 2930 et
767 2872 811 2929 ad
832 2872 986 2929 utilitatem
1016 2878 1174 2948 temporum
1203 2888 1270 2927 curn

220 2976 367 3049 composite
378 2982 514 3033 etoruote
523 2981 550 3031 et
559 2973 721 3032 memoriter
769 2972 916 3045 voluptate
927 2972 1109 3029 audientium
1123 2972 1225 3045 possit.

221 3075 298 3133 dicet.

261 3193 353 3259 Brut.
371 3213 428 3270 ²93
445 3193 571 3268 equidem
596 3192 628 3249 in
655 3191 717 3266 qui·
809 3188 897 3246 Dial.
922 3207 970 3246 21.
993 3209 1005 3245 1
1034 3189 1163 3263 equidem
1186 3188 1270 3262 fate-

221 3293 342 3351 busdam
358 3292 450 3349 risum
465 3293 518 3349 vix
532 3292 662 3349 tenebam.
769 3290 821 3347 bor
846 3288 925 3345 nobis
957 3289 1127 3362 simpliciter
1158 3306 1202 3346 me
1236 3288 1269 3344 in

766 3388 940 3464 quibusdam
983 3389 1171 3464 antiquorum
1215 3388 1270 3445 oin

768 3489 862 3546 risum
878 3495 974 3547 tenere.

262 3610 354 3668 Brut.
379 3610 418 3687 96
444 3626 571 3667 summos
597 3607 718 3665 honores
809 3605 896 3663 Diui.
918 3607 980 3682 8.5
1009 3606 1071 3663 sine
1092 3605 1268 3663 commenda·

222 3710 284 3766 sine
298 3711 360 3767 ulla
379 3708 618 3773 commendatione
630 3707 717 3765 maio
767 3706 842 3762 tione
884 3705 1030 3762 natalium
1071 3705 1272 3780 potmtissimi

223 3827 289 3866 rum
303 3808 485 3881 estadeptn's.
767 3812 843 3863 sunt.
