2784 4350
96 372 148 415 -ltt,
163 365 202 431 12]

384 366 574 414 DIALOGVS
597 367 647 413 DE
670 367 916 415 ORATORIBVS.

97 554 232 616 quoque
254 543 343 596 artes
368 554 522 596 exercere
547 535 726 596 honestum
745 542 806 607 est,
825 555 863 597 ac
880 534 942 596 tibi
961 535 1146 597 Nicostrati

98 642 200 704 robur
217 663 255 705 ac
272 641 359 704 vires
376 641 422 704 dii
438 642 620 717 dedissent,
640 663 706 704 non
732 652 864 723 paterer
889 642 1051 705 immanes
1072 643 1145 705 illos

98 758 132 812 et
159 751 199 813 ad
226 770 373 832 pugnam
399 760 496 813 natos
524 750 666 813 lacertos
690 750 826 813 levitate
852 750 949 814 iaculi
974 760 1031 814 aut
1056 751 1145 814 iactu

96 858 182 922 disci
198 878 387 934 vanescere,
406 858 454 922 sic
471 879 560 921 nunc
584 867 617 920 te
640 859 681 921 ab
704 859 877 922 auditoriis
898 868 931 921 et
952 859 1093 922 theatris
1111 859 1144 921 in

96 967 208 1030 forum
225 975 259 1029 et
278 967 332 1052 [ad
349 987 466 1030 causas
484 975 517 1029 et
534 968 589 1051 ad]
607 987 686 1029 vera
705 967 831 1048 proelia
851 987 943 1041 voco,
962 989 1037 1030 cum
1055 989 1145 1050 prae·
1179 985 1194 1034 8

97 1074 213 1137 sertim
231 1095 274 1137 ne
290 1075 331 1138 ad
349 1075 430 1137 illud
447 1075 581 1157 quidem
598 1075 781 1156 confugere
794 1075 913 1157 possis
928 1077 1015 1158 quod
1032 1076 1145 1158 pleris-

96 1203 162 1264 que
175 1183 411 1264 patrocinatur,
424 1193 593 1265 tamquam
605 1184 716 1246 minus
727 1184 906 1247 obnoxium
918 1184 961 1247 sit
972 1185 1145 1248 offendere

96 1300 271 1372 poetarum
296 1312 395 1373 quam
421 1301 590 1355 oratorum
615 1292 773 1356 studium.
827 1292 1029 1356 Effervescit
1054 1293 1143 1356 enim
1178 1315 1195 1364 9

96 1399 147 1462 vis
176 1399 418 1481 pulcherrimae
443 1408 581 1462 naturae
606 1410 692 1476 tuae,
720 1421 783 1463 nec
808 1421 867 1481 pro
892 1401 999 1464 amico
1023 1401 1142 1483 aliqu0,

96 1509 166 1582 sed,
185 1508 273 1589 quod
296 1508 516 1589 periculosius
541 1517 602 1584 est,
625 1529 685 1590 pro
711 1509 841 1571 Catone
865 1509 1019 1573 offendis.
1070 1510 1143 1573 Nec
1164 1540 1194 1578 10

96 1625 276 1678 excusatur
292 1617 423 1679 offensa
440 1617 688 1680 necessitudine
711 1617 810 1680 officii
835 1627 892 1679 aut
917 1618 983 1680 fide
1008 1619 1144 1682 advoca-

95 1723 199 1786 tionis
216 1733 273 1786 aut
290 1724 450 1787 fortuitae
473 1734 506 1787 et
530 1725 662 1788 subitae
687 1725 844 1788 dictionis
861 1725 1011 1806 impetu:
1043 1727 1144 1789 medi-

95 1841 188 1894 tatus
224 1831 347 1895 videris
383 1832 526 1915 elegisse
563 1854 740 1914 personam
777 1833 959 1896 notabilem
996 1843 1029 1896 et
1066 1856 1142 1908 cum

95 1939 297 2005 auctoritate
313 1940 498 2005 dicturam.
550 1941 668 2004 Sentio
693 1941 773 2023 quid
798 1943 991 2023 responderi
1016 1943 1143 2024 possit:

94 2047 176 2111 hinc
193 2047 348 2129 ingentes
363 2049 525 2112 exsistere
537 2050 710 2123 adsensuS,
726 2049 808 2113 haec
823 2049 856 2111 in
875 2050 954 2131 ipsis
968 2051 1142 2115 auditoriis
1163 2075 1189 2109 11

94 2155 273 2238 praecipue
306 2156 433 2220 laudari
465 2167 497 2222 et
527 2178 602 2221 mox
634 2157 783 2221 omnium
816 2159 1024 2223 sermonibus
1052 2160 1141 2225 ferri.

94 2264 192 2327 Tolle
210 2265 311 2347 igitur
327 2265 449 2347 quietis
464 2275 497 2329 et
511 2266 702 2329 securitatis
716 2267 976 2344 excusationem,
991 2289 1067 2331 cum
1081 2269 1143 2332 tibi
1163 2300 1191 2334 12

94 2393 209 2435 sumas
225 2373 451 2437 adversarium
469 2374 673 2455 superiorem
688 2396 696 2451 ;
723 2375 820 2438 nobis
838 2376 919 2438 satis
936 2376 979 2439 sit
996 2377 1141 2458 privatas

93 2548 157 2589 tate
181 2539 284 2590 iaculi:
313 2540 357 2589 the
381 2540 476 2604 javelln
501 2558 553 2590 was
577 2556 593 2590 a

92 2606 163 2669 light
191 2622 538 2670 weapon.-vanescere:
567 2609 593 2656 in

92 2689 174 2737 prose
199 2689 215 2721 a
243 2675 452 2737 post-Augustam
475 2674 594 2723 word.—

93 2742 133 2789 ab
149 2740 287 2789 theatris:
305 2742 342 2788 ie.
355 2740 424 2789 from
436 2741 592 2798 recitations,

93 2805 181 2854 which
194 2821 259 2854 were
271 2806 345 2855 often
357 2806 419 2855 held
431 2807 458 2855 in
471 2808 592 2857 theatres.

94 2872 156 2921 The
176 2872 306 2921 reference
327 2882 422 2922 cannot
441 2873 473 2922 be
492 2882 519 2923 to
539 2873 594 2922 dra-

93 2938 176 2987 matic
192 2939 393 3001 performances,
410 2941 480 2989 since
497 2949 525 2989 at
543 2941 593 2989 this

93 3006 160 3055 time
183 3006 227 3054 the
256 3006 398 3070 legitimate
424 3006 514 3055 drama
541 3006 593 3055 had

93 3072 266 3137 disappeared
300 3073 370 3121 from
410 3074 455 3122 the
490 3075 594 3122 Roman

92 3150 177 3203 stage.

128 3212 154 3257 8.
172 3216 335 3271 tamquam:
353 3222 382 3257 as
393 3208 420 3256 in
432 3209 594 3268 4.-—offen-

93 3278 175 3326 dere:
193 3275 340 3339 dependent
352 3290 420 3339 upon
429 3276 593 3333 obnoxium,

93 3344 246 3393 aGrecism.
268 3342 326 3390 The
339 3342 595 3391 classicalconstruc-

92 3411 185 3460 tionis
199 3410 242 3459 the
253 3409 339 3459 dative
348 3409 378 3458 of
389 3424 497 3468 anoun;
513 3409 545 3457 cf.
557 3409 593 3458 16.

91 3493 109 3539 4
122 3479 273 3542 manifestus
284 3477 388 3540 accingi.

124 3557 163 3592 10.
177 3543 392 3593 necessitudine
401 3542 498 3591 officii:
511 3543 594 3591 ‘from

91 3610 224 3675 necessity
237 3610 267 3658 of
282 3610 442 3673 performing
453 3625 486 3658 an
499 3609 594 3672 obliga-

92 3678 150 3727 tion
159 3677 172 3735 ';
190 3678 342 3725 necessitudo
351 3677 412 3725 here
418 3678 592 3725 :necessitas

91 3744 262 3793 -fortuitae
276 3752 304 3792 et
318 3744 593 3805 subitae=extempo

91 3812 167 3859 ralis.
204 3810 254 3859 See
276 3809 299 3859 6.
323 3810 591 3869 8n.—meditatus,

90 3885 149 3938 etc,
163 3877 225 3925 with
238 3877 370 3926 deliberate
378 3883 490 3942 purpose
502 3878 533 3927 do
539 3892 593 3939 you

643 2558 715 2599 seem,
726 2549 774 2591 etc.
810 2543 966 2593 meditatus
975 2543 998 2593 is
1011 2544 1055 2593 the
1067 2547 1143 2608 parti-

644 2609 717 2671 ciple,
730 2608 782 2657 and
800 2610 821 2658 is
834 2609 971 2674 employed
989 2609 1023 2675 by
1035 2612 1142 2661 Tacitus

644 2676 706 2740 only
726 2675 787 2723 here
810 2677 836 2724 in
859 2677 894 2725 its
914 2677 997 2725 active
1017 2693 1143 2727 sense.—

645 2756 818 2804 personam:
847 2743 894 2791 via
919 2744 1143 2794 Cato—dictu·

644 2823 719 2857 ram:
737 2808 769 2856 cf.
782 2822 805 2870 9.
818 2822 866 2870 7n.
879 2826 1042 2858 mansurum.

679 2889 718 2923 11.
736 2876 819 2923 hinc:
837 2878 874 2923 ie.
887 2876 955 2924 from
969 2885 1067 2944 poetry.

679 2956 718 2989 12.
736 2942 804 2990 tolle
829 2943 930 3005 igitur:
949 2958 1022 2993 some
1039 2959 1143 2993 assume

644 3009 758 3056 alacuna
765 3008 856 3057 before
867 3009 939 3058 these
947 3010 1039 3059 words.
1064 3013 1100 3059 At
1109 3013 1142 3060 all

644 3082 735 3123 events
747 3091 784 3123 we
797 3082 867 3125 must
882 3077 974 3142 supply
986 3077 1012 3125 in
1029 3077 1143 3141 thought

645 3156 718 3191 some
736 3142 800 3191 such
819 3142 911 3191 notion
932 3159 975 3192 as:
995 3143 1060 3192 ‘But
1079 3160 1143 3209 your

645 3210 772 3271 language
796 3209 857 3258 thus
880 3209 952 3273 gives
976 3210 1019 3259 the
1042 3219 1143 3273 greater

645 3275 746 3324 offense
770 3284 798 3323 to
821 3276 898 3325 those
923 3276 949 3324 in
973 3293 1067 3340 power,
1091 3277 1143 3325 and

645 3341 733 3404 brings
756 3351 857 3405 greater
880 3344 943 3406 peril
967 3351 994 3392 to
1020 3344 1142 3409 yourself.

646 3409 788 3458 Therefore
806 3425 878 3474 away
891 3412 959 3472 (tolle
975 3412 1064 3474 egitur)
1081 3410 1142 3459 with

645 3476 689 3524 the
707 3476 767 3538 plea
781 3477 837 3525 that
854 3485 947 3542 poetry
958 3478 981 3527 is
998 3494 1014 3526 a
1032 3478 1143 3542 tranquil

644 3542 696 3591 and
714 3559 804 3592 secure
822 3544 985 3607 occupatiori,
1004 3545 1074 3593 since
1092 3559 1143 3609 you

645 3609 760 3675 yourself
779 3610 852 3659 incur
875 3611 920 3659 the
943 3612 1060 3676 hostility
1079 3611 1108 3659 of
1127 3626 1144 3659 a

644 3678 762 3739 superior
779 3686 921 3740 opponent,
937 3678 982 3728 the
1001 3677 1143 3741 Emperor?

643 3744 817 3807 -privatas
842 3746 1076 3794 controversias:
1105 3746 1142 3791 ie.

644 3810 721 3859 those
733 3826 806 3859 cases
818 3810 900 3860 which
917 3827 1027 3860 concern
1043 3812 1144 3860 neither

644 3877 689 3925 the
717 3884 786 3932 state
815 3892 864 3930 nor
892 3877 937 3929 the
964 3879 1144 3943 Emperor.—
