2784 4350
118 381 156 425 -6,
168 372 192 432 4]
408 374 597 423 DIALOGVS
623 374 673 422 DE
698 374 943 425 ORATORIBVS.
1198 376 1216 426 9

121 543 212 606 suit?
263 543 339 625 Qua
362 542 532 606 accinctus
558 553 591 604 et
616 543 728 605 minax
753 543 910 606 disertam
935 543 1080 626 quidem,
1106 544 1166 608 sed

121 651 374 714 inexercitatam
392 660 425 714 et
442 651 513 714 eius
531 651 621 714 modi
637 651 856 715 certaminum
880 652 994 714 rudem
1017 652 1165 714 Helvidii

121 759 318 840 sapientiam
337 759 444 823 elusit.
497 759 594 822 Plura
610 760 651 823 de
667 759 812 822 utilitate
829 780 897 822 non
914 760 997 835 dien,
1013 760 1066 822 cui
1078 760 1165 841 parti
1199 775 1215 823 8

120 867 258 930 minime
276 867 575 930 contradicturum
594 869 785 930 Maternum
803 889 913 931 meum
931 867 1081 932 arbitror.

167 976 224 1037 Ad
248 976 453 1058 voluptatem
479 975 642 1039 oratoriae
667 976 878 1058 eloquentiae
901 985 1045 1052 transeo,
1072 976 1166 1040 cuius
1197 975 1214 1038 6

121 1082 311 1146 iucunditas
329 1105 395 1146 non
414 1105 479 1147 uno
497 1084 605 1167 aliquo
623 1094 803 1160 moment0,
821 1085 879 1147 sed
896 1085 1050 1148 omnibus
1063 1105 1166 1166 prope

120 1191 239 1254 diebus
262 1213 299 1254 ac
322 1213 424 1274 prope
448 1193 602 1255 omnibus
627 1192 718 1255 horis
743 1193 919 1274 contingit.
969 1193 1059 1275 Quid
1076 1193 1165 1255 enim
1201 1221 1215 1255 2

122 1299 253 1363 dulcius
290 1300 393 1362 libero
431 1309 464 1363 et
501 1300 647 1383 ingenuo
683 1300 795 1364 animo
831 1311 865 1364 et
900 1302 941 1364 ad
977 1301 1166 1383 voluptates

121 1407 282 1470 honestas
299 1418 388 1484 nat0,
407 1429 505 1490 quam
530 1409 643 1472 videre
665 1410 798 1490 plenam
815 1430 947 1490 semper
963 1418 997 1472 et
1013 1409 1167 1492 frequen-

121 1525 192 1578 tem
219 1517 352 1578 domum
380 1538 473 1579 suam
502 1537 666 1580 concursu
696 1518 1039 1599 splendidissimorum
1064 1517 1166 1580 homi-

123 1625 227 1687 num?
264 1623 363 1707 idque
396 1625 480 1688 scire
512 1646 580 1688 non
613 1626 784 1707 pecuniae,
819 1647 886 1688 non
919 1625 1064 1702 orbitati,
1098 1647 1165 1690 non

121 1732 222 1796 officii
239 1733 377 1796 alicuius
394 1733 684 1809 administrationi,
704 1735 763 1796 sed
784 1733 847 1796 sibi
867 1733 930 1816 ipsi
949 1734 1042 1797 dari?
1075 1734 1165 1816 ipsos
1201 1758 1215 1807 3

121 1841 203 1924 quin
217 1840 317 1903 immo
330 1842 428 1904 orbos
440 1851 473 1903 et
486 1841 670 1924 locupletes
684 1851 717 1904 et
730 1850 887 1924 potentes
899 1842 1013 1905 venire
1025 1841 1166 1923 plerum-

121 1971 187 2032 que
204 1950 245 2011 ad
262 1949 416 2012 iuvenem
434 1958 467 2013 et
484 1971 672 2032 pauperem,
692 1959 729 2013 ut
749 1960 805 2013 aut
827 1971 887 2014 sua
907 1959 965 2013 aut
985 1950 1165 2014 amicorum

121 2056 313 2120 discrimina
326 2058 584 2120 commendent?
620 2058 741 2120 Vllane
757 2067 852 2123 tanta
864 2058 1051 2140 ingentium
1065 2079 1165 2140 opum
1200 2080 1213 2125 4

120 2186 159 2229 ac
189 2187 329 2247 magnae
355 2165 525 2247 potentiae
559 2166 723 2249 voluptaS,
749 2188 847 2249 quam
880 2177 1031 2249 spectare
1064 2166 1166 2230 homi-

120 2293 182 2336 nes
209 2284 340 2337 veteres
370 2283 403 2336 et
432 2296 530 2337 senes
557 2284 589 2336 et
608 2275 711 2337 totius
745 2276 834 2338 orbis
866 2275 974 2356 gratia
1005 2275 1164 2338 subnixos

120 2384 155 2445 in
171 2402 299 2444 summa
316 2403 425 2444 rerum
440 2383 587 2445 omniurn
602 2383 805 2446 abundantia
818 2384 1019 2446 confitentes
1032 2383 1065 2445 id
1078 2385 1164 2465 quod

119 2539 193 2588 rious
217 2539 340 2587 informer
360 2538 442 2587 under
463 2542 542 2587 Nero.
587 2541 618 2589 In
669 2540 725 2588 tion
743 2540 772 2587 of
789 2540 888 2597 Cicer0,
906 2557 950 2603 ag.
962 2542 992 2588 de
1007 2542 1055 2603 Off.
1069 2542 1105 2589 11.
1118 2556 1164 2601 415

118 2606 154 2655 66
167 2618 221 2653 nn.
234 2606 267 2654 he
281 2605 378 2654 caused
390 2607 507 2654 Thrasea
523 2608 618 2655 Paetus
668 2608 698 2655 de
709 2608 768 2654 Fin.
780 2607 831 2654 III.
844 2606 884 2666 64.
916 2608 946 2655 In
958 2608 1165 2670 post-Augustan

118 2681 149 2721 to
163 2671 195 2719 be
206 2680 253 2735 put
271 2681 299 2721 to
317 2671 403 2728 death,
416 2672 468 2720 and
480 2673 618 2722 Thrasea’s
669 2674 766 2721 writers
777 2674 797 2721 it
809 2674 831 2721 is
841 2687 996 2732 rare-ac,
1005 2676 1062 2723 ond
1068 2676 1164 2723 indeed.

117 2738 271 2794 son-in-law,
294 2738 432 2787 Helvidius
457 2740 566 2796 Priscus,
588 2747 616 2787 to
700 2753 724 2788 2.
743 2740 858 2804 plenam
872 2748 900 2788 et
915 2740 1112 2803 frequentem:
1130 2756 1166 2789 re·

117 2807 153 2855 be
164 2804 296 2853 banished.
317 2805 374 2853 The
384 2805 460 2853 latter
469 2820 541 2853 came
550 2805 616 2854 back
668 2805 791 2854 dundant.
801 2834 835 2841 —
843 2807 973 2856 orbitati:
998 2806 1114 2870 alluding
1137 2815 1166 2855 to

116 2873 189 2921 from
213 2872 278 2920 exile
299 2870 382 2919 under
403 2872 494 2929 Galba,
515 2872 567 2920 and
591 2873 617 2920 in
668 2873 713 2921 the
722 2880 824 2921 custom
833 2872 862 2920 of
870 2873 1027 2936 insinuating
1036 2874 1107 2922 one’s
1116 2874 1166 2923 self

117 2954 154 3002 70
169 2950 222 2985 nn.
241 2938 316 2986 made
335 2938 379 2986 the
396 2938 511 2987 fruitless
529 2940 616 2988 attack
667 2940 724 2987 into
742 2940 786 2988 the
803 2938 874 3002 good
891 2955 981 3001 graces
999 2940 1027 2989 of
1044 2940 1165 2989 childless

118 3021 194 3069 upon
207 3006 345 3053 Marcellus
359 3005 471 3053 referred
490 3014 517 3054 to
535 3007 561 3053 in
573 3007 618 3054 the
668 3022 776 3069 persons
789 3006 817 3054 of
828 3007 921 3054 wealth
939 3007 981 3054 for
997 3007 1041 3055 the
1053 3022 1165 3070 purpose

117 3081 183 3121 text.
209 3073 346 3121 Marcellus
355 3073 542 3138 subsequently
551 3088 618 3121 com·
669 3073 697 3121 of
714 3073 832 3136 securing
844 3089 860 3122 a
877 3074 1039 3139 legacy‚—a
1054 3074 1165 3137 practice

117 3140 213 3189 mitted
225 3140 322 3189 suicide
335 3148 363 3188 to
375 3140 453 3188 avoid
470 3141 514 3189 the
530 3140 618 3189 cense-
668 3140 787 3189 satirized
798 3158 840 3204 ag.
851 3140 884 3206 by
898 3142 1002 3190 Horace
1013 3143 1076 3203 (Sat.
1089 3142 1125 3189 II.
1140 3142 1163 3205 5)

117 3224 233 3273 quences
258 3208 287 3255 of
309 3224 325 3255 a
345 3210 497 3273 conspiracy
516 3208 618 3271 against
668 3207 719 3256 and
740 3208 848 3267 Juvenal
868 3210 931 3270 (Sat.
952 3222 988 3257 12.
1007 3209 1166 3273 93-130).-

118 3276 266 3338 Vespasian
289 3275 315 3323 in
339 3276 421 3323 which
446 3275 478 3323 he
502 3274 554 3322 had
577 3290 618 3322 en·
669 3275 724 3323 sibi
742 3275 813 3338 ipsi:
832 3275 955 3338 referring
972 3284 1001 3324 to
1018 3275 1063 3323 the
1079 3274 1166 3323 indefi-

116 3342 440 3407 gaged.-sapientiam,
457 3343 616 3404 philosophy.
668 3342 721 3390 nite
750 3341 851 3405 subject
881 3342 910 3389 of
924 3341 1164 3390 scire-officii:

118 3409 268 3465 Helvidius,
292 3410 344 3457 like
374 3410 497 3465 Thrasea,
522 3424 574 3456 was
602 3424 618 3456 a
668 3409 1165 3472 herepublicoffice,—apost-Augustan

118 3476 348 3535 Stoic-elusit,
368 3477 484 3538 parried,
509 3490 525 3523 a
550 3474 618 3523 tech·
668 3490 744 3523 sense
756 3474 784 3522 of
799 3475 842 3523 the
856 3474 932 3523 word.

116 3543 187 3591 nical
204 3542 366 3605 gladiatoria]
385 3551 458 3591 term.
700 3557 725 3602 3.
744 3542 926 3605 quinimmo:
938 3542 1165 3605 post-positive,as

152 3607 180 3665 6.
202 3624 260 3658 non
273 3624 331 3657 uno
344 3609 439 3672 aliquo
452 3616 616 3657 momento:
667 3608 724 3656 also
735 3608 761 3656 in
774 3623 813 3672 34.
827 3609 843 3657 6
860 3608 912 3657 and
928 3623 967 3674 39.
980 3609 1165 3669 4.-venire:

116 3678 157 3725 ae,
181 3684 286 3739 oratory
315 3676 336 3723 is
365 3683 411 3723 not
440 3675 492 3723 like
518 3683 616 3739 poetry,
668 3683 788 3723 construe
800 3675 860 3723 with
874 3676 957 3724 scire.

116 3742 201 3791 which
214 3741 285 3805 gives
298 3741 343 3789 but
360 3742 466 3805 passing
482 3742 614 3804 pleasure;
700 3758 724 3803 4.
739 3750 854 3789 veteres
863 3750 891 3789 et
900 3756 995 3799 senes,
1003 3742 1168 3803 experienced

116 3809 150 3857 cf.
164 3822 187 3871 9.
223 3809 295 3855 Vnus
305 3810 408 3871 aliquis,
421 3816 539 3871 stronger
552 3807 616 3855 than
667 3810 711 3855 old
717 3808 914 3857 mem-orbis:
933 3826 964 3857 sc.
974 3816 1118 3864 terrorum
1132 3808 1164 3855 cf.

116 3876 163 3926 the
175 3874 269 3937 simple
278 3890 354 3932 unus,
363 3875 384 3923 is
397 3890 413 3923 a
424 3874 534 3923 favorite
546 3874 617 3923 locu·
667 3876 731 3937 Agr.
740 3889 772 3939 30
780 3882 894 3937 raptores
902 3874 1039 3923 orbis—in
1049 3889 1164 3923 summa
