2784 4350
91 374 141 419 so.
156 374 180 434 a]

384 371 573 424 DIALOGVS
598 376 648 422 DE
672 375 919 424 ORATORIBVS.
1014 380 1021 401 ⁶

92 543 208 627 habet)
236 564 298 607 sua
322 543 425 619 initia,
447 544 683 635 suosogradus,
711 564 790 606 suae
815 544 1024 626 eloquentiae
1049 543 1140 606 velut

92 653 261 736 quandam
286 651 518 715 educationem
542 651 664 714 refert:
697 672 734 714 se
753 652 840 733 apud
859 651 900 733 Q.
921 651 1071 713 Mucium
1089 652 1140 714 ius
1177 674 1189 724 5

92 761 191 826 civile
230 759 396 835 didicisse,
430 760 517 841 apud
559 759 734 822 Philonem
775 760 1026 835 Academicum,
1061 762 1149 842 apud

93 871 281 933 Diodotum
303 868 453 933 Stoicum
475 888 592 932 omnes
615 867 845 951 philosophiae
870 877 982 949 partes
1006 869 1141 950 penitus

92 978 263 1054 hausisse;
289 997 398 1059 neque
425 976 466 1039 iis
492 976 685 1040 doctoribus
709 986 916 1053 contentum,
943 998 1082 1059 quorum
1111 977 1141 1039 ei

93 1086 191 1169 copia
218 1086 253 1149 in
282 1086 364 1147 urbe
392 1085 590 1167 contigerat,
617 1084 782 1149 Achaiam
807 1105 940 1168 quoque
965 1095 998 1147 et
1023 1085 1141 1147 Asiam

93 1214 300 1279 peragrasse,
320 1203 356 1256 ut
373 1213 507 1257 omnem
527 1193 676 1255 omnium
699 1193 820 1256 artium
843 1194 1039 1256 varietatem
1056 1214 1142 1257 com-

93 1304 307 1386 plecteretur.
359 1302 477 1383 Itaque
499 1302 634 1365 hercule
656 1302 691 1363 in
714 1302 806 1365 libris
833 1302 1005 1365 Ciceronis
1028 1302 1143 1384 depre-
1176 1319 1192 1367 6

94 1413 244 1475 hendere
265 1410 342 1473 licet
366 1431 433 1472 non
455 1410 669 1491 geometriae,
688 1431 756 1472 non
774 1410 929 1485 musicae,
948 1431 1016 1472 non
1036 1432 1142 1492 gram-

94 1512 248 1595 maticae,
274 1539 341 1581 non
370 1517 515 1600 denique
543 1518 642 1581 ullius
668 1518 749 1581 artis
777 1519 941 1600 ingenuae
968 1518 1142 1581 scientiam

93 1629 125 1692 ei
151 1628 309 1691 defuisse.
368 1626 428 1689 Ille
453 1626 647 1689 dialecticae
672 1626 903 1702 subtilitatem,
930 1626 984 1689 ille
1009 1628 1142 1690 moralis

93 1737 201 1819 partis
220 1735 409 1810 utilitatem,
429 1734 484 1797 ille
505 1755 615 1798 rerum
638 1744 750 1797 motus
773 1755 957 1816 causasque
982 1756 1144 1816 cognove-

94 1855 157 1910 rat.
207 1844 260 1906 Ita
275 1854 327 1906 est
345 1843 444 1918 enim,
463 1842 581 1925 optimi
598 1842 668 1918 viri,
689 1843 755 1906 ita:
782 1863 822 1905 ex
839 1843 944 1905 multa
957 1844 1142 1907 eruditione
1178 1866 1191 1913 7

94 1963 130 2017 et
147 1952 299 2035 plurimis
318 1952 446 2014 artibus
469 1960 502 2013 et
525 1951 673 2014 omniurn
697 1972 807 2013 rerum
834 1951 974 2014 scientia
999 1954 1143 2015 exundat

94 2071 129 2125 et
148 2061 306 2124 exuberat
324 2060 379 2122 illa
394 2059 597 2123 admirabilis
615 2060 825 2142 eloquentia;
858 2079 966 2141 neque
983 2060 1143 2123 orationis
1178 2077 1193 2125 8

94 2170 146 2234 vis
179 2179 213 2232 et
245 2168 396 2244 facultas,
432 2167 519 2232 sicut
553 2179 738 2232 ceterarum
773 2190 892 2245 rerum,
926 2168 1080 2250 angustis
1112 2180 1145 2233 et

94 2279 254 2342 brevibus
283 2277 435 2340 terminis
465 2277 618 2352 cluditur,
647 2278 705 2340 sed
735 2277 763 2340 is
792 2287 843 2340 est
873 2287 992 2352 orator,
1023 2278 1145 2359 quide

94 2386 188 2450 omni
205 2385 402 2468 quaestione
419 2385 556 2466 pulchre
578 2395 611 2447 et
635 2396 751 2448 ornate
769 2386 860 2448 etad
878 2387 1145 2466 persuadendum

94 2541 593 2673 saztrdlzlnsstt‘tltgzt

92 2677 296 2728 —Philonem:
311 2675 385 2723 Philo
392 2675 422 2724 oi
430 2675 540 2733 Larissa,
549 2675 593 2724 the

94 2743 237 2794 Academic
246 2741 422 2806 philosopher,
432 2741 491 2790 who
501 2739 595 2805 during

92 2813 138 2860 the
152 2811 174 2858 F
175 2811 221 2858 irst
235 2808 396 2857 Mithridatic
406 2809 470 2856 War
481 2808 522 2870 (88
533 2810 593 2868 Bc.)

92 2877 145 2927 fied
156 2877 226 2925 from
238 2876 342 2924 Athens
360 2882 387 2923 to
406 2876 498 2932 Rome,
511 2874 595 2923 where

91 2946 187 2994 Cicero
210 2942 297 3008 gladly
316 2941 418 2990 availed
440 2941 545 2990 himself
567 2940 597 2989 of

91 3009 511 3060 bisinstruction.-Diodotum:
525 3008 596 3056 Cice·

91 3078 145 3127 ro’s
155 3076 260 3126 teacher
269 3077 295 3124 in
306 3076 445 3131 dialectics,
453 3084 594 3140 geometry,

91 3143 145 3193 and
154 3144 256 3192 natural
266 3143 374 3192 science.
403 3142 453 3190 His
462 3143 512 3190 last
521 3157 595 3207 years

92 3226 160 3260 were
169 3219 245 3274 spent
253 3210 279 3258 in
288 3209 402 3258 Cicero's
411 3209 502 3266 house,
510 3209 595 3256 where

91 3279 127 3326 he
144 3276 206 3325 died
222 3290 252 3342 59
265 3289 484 3340 iac—quorum
502 3276 593 3338 copia,

90 3360 172 3393 access
188 3351 213 3391 to
228 3343 511 3392 whom—Achaiam
524 3357 594 3405 quo-

91 3425 150 3474 que
175 3418 204 3459 et
224 3410 343 3459 Asiam:
366 3411 403 3457 in.
425 3409 523 3458 Greece
544 3408 595 3457 and

91 3477 161 3526 Asia
185 3478 280 3525 Minor.
316 3476 393 3525 After
416 3476 461 3525 the
489 3484 595 3539 capture

90 3544 122 3592 of
131 3543 244 3592 Corinth
254 3543 288 3608 by
296 3542 438 3592 Mummius
447 3543 473 3590 in
485 3542 532 3602 146
545 3555 594 3590 ue.

89 3612 127 3659 all
151 3609 181 3658 oi
204 3610 303 3659 Greece
314 3609 393 3659 south
417 3609 446 3656 of
469 3609 596 3672 Thessaly

88 3677 145 3726 and
170 3677 264 3740 Epirus
287 3692 339 3724 was
364 3675 467 3724 formed
495 3676 551 3723 into
580 3690 597 3723 a

87 3743 217 3809 province
225 3741 480 3792 underthenameof
487 3741 595 3790 Achaia.

89 3811 188 3860 Cicero
211 3817 288 3873 spent
317 3817 368 3858 two
394 3823 468 3873 years
496 3811 538 3870 (79
567 3816 595 3856 to

87 3891 122 3942 77
137 3877 200 3938 ise.)
219 3876 246 3924 iu
266 3876 318 3924 this
340 3882 399 3924 tour
418 3874 448 3923 of
467 3874 595 3939 study.-

644 2558 761 2592 omnem
776 2543 906 2592 omniurn
928 2544 1033 2592 artium
1054 2544 1144 2592 varie-

644 2617 752 2657 tatem:
781 2609 824 2657 for
852 2610 896 2657 the
921 2608 1088 2676 redundancy
1111 2611 1143 2658 cf.

644 2676 666 2725 6.
680 2689 695 2736 4
711 2692 812 2723 summa
831 2692 917 2723 rerum
937 2677 1051 2723 omniurn
1068 2677 1146 2724 abun-

645 2743 752 2798 dantia·
771 2742 824 2790 Cic.
838 2743 867 2790 de
881 2743 925 2790 Or.
938 2742 989 2789 III.
1003 2755 1033 2802 72
1047 2759 1143 2790 ornnem

645 2810 759 2857 omniurn
774 2825 860 2856 rerum
874 2809 1044 2871 cognitionem.

678 2877 703 2922 6.
727 2875 905 2933 dialecticae,
918 2882 977 2923 etc:
1013 2875 1057 2924 the
1073 2876 1145 2925 three

645 2949 718 3004 great
730 2941 855 2990 divisions
872 2941 901 2989 of
918 2941 1020 2990 ancient
1032 2942 1146 3005 philoso-

645 3008 698 3073 phy
711 3022 776 3056 were
788 3007 926 3065 dialectics,
940 3010 1021 3056 moral
1033 3009 1146 3071 philoso-

645 3074 698 3138 phy
707 3073 759 3123 and
768 3076 869 3122 natural
880 3075 991 3136 science3
1011 3075 1043 3124 cf.
1055 3076 1144 3136 Quint.

647 3143 710 3189 XII.
735 3156 757 3189 2.
784 3155 813 3190 10
837 3143 990 3199 naturalem,
1014 3144 1144 3199 moralem,

646 3209 970 3258 rationalem-moralis
994 3210 1093 3273 partis,
1112 3210 1144 3273 os
1219 3225 1221 3230 ’

645 3276 686 3323 tire
697 3277 783 3324 moral
793 3277 909 3334 division,
922 3278 959 3324 ie.
973 3276 1002 3324 of
1016 3276 1060 3324 the
1072 3291 1146 3339 prov·

645 3342 702 3390 ince
715 3342 743 3390 of
754 3343 857 3390 morals.

679 3412 704 3458 8.
731 3410 854 3458 cluditur
865 3429 898 3452 =
909 3411 1052 3458 includitur
1061 3425 1072 3467 ;
1101 3425 1145 3458 see

648 3488 685 3537 17.
699 3491 715 3536 4
732 3484 918 3527 n.—orator:
941 3477 979 3524 ic.
991 3477 1018 3524 in
1036 3477 1080 3524 the
1097 3476 1145 3524 full

645 3557 722 3591 sense
734 3543 763 3590 of
774 3543 831 3591 that
844 3551 925 3602 term;
947 3543 979 3590 cf.
995 3556 1032 3608 15·
1048 3557 1057 3590 1
1065 3561 1071 3602 ;
1090 3542 1144 3590 Cic.

646 3610 676 3656 de
687 3611 731 3656 Or.
743 3610 762 3656 I.
773 3609 806 3670 64
818 3613 840 3657 is
851 3615 903 3657 erit
913 3616 998 3657 orator
1009 3611 1061 3672 qui,
1074 3625 1145 3672 quoe-

646 3692 752 3739 cumque
771 3693 811 3724 res
831 3678 956 3734 incc'derit,
973 3692 1037 3738 quae
1059 3678 1094 3722 sit
1109 3677 1145 3723 di·

645 3745 724 3790 ctione
735 3742 893 3804 expliconda,
899 3744 1043 3804 prudenter
1050 3749 1144 3790 rtcom·

645 3809 727 3870 posite
741 3815 765 3856 et
777 3815 864 3856 ornate
880 3815 905 3856 et
920 3810 1065 3856 memoriter
1082 3809 1146 3856 dicet

644 3891 701 3922 curn
715 3877 825 3938 quadarn
845 3876 951 3922 actionis
969 3877 1043 3923 etiarn
1063 3875 1144 3937 digni-
