2784 4350
94 380 139 425 ³2⁹·
155 372 179 432 s]

379 373 567 422 DIALOGVS
592 373 642 422 DE
667 374 911 422 ORATORIBVS.

94 542 212 603 virides
247 541 361 603 statim
394 549 427 603 et
459 541 569 603 teneri
596 540 699 604 animi
731 541 936 615 imbuuntur,
963 561 1025 605 nec
1053 542 1139 624 quis-

94 669 191 731 quam
216 649 250 711 in
279 658 351 711 tota
376 650 474 712 domo
502 648 599 731 pensi
624 649 734 725 habet,
762 649 841 731 quid
870 670 979 713 coram
1009 648 1139 713 infante

94 756 227 819 domino
244 767 300 820 aut
318 757 406 820 dicat
423 767 481 819 aut
498 757 610 820 faciat.

661 757 752 839 Quin
773 756 873 820 etiam
895 756 959 837 ipsi
981 768 1138 839 parentes

93 885 158 927 non
183 864 343 946 probitati
368 884 477 947 neque
501 865 685 927 modestiae
714 864 869 947 parvulos
894 865 1136 941 adsuefaciunt,

93 974 150 1035 sed
167 972 323 1035 lasciviae
336 982 370 1034 et
387 972 564 1048 dicacitati,
579 994 640 1055 per
652 994 738 1055 quae
755 973 914 1055 paulatim
933 973 1139 1055 impudentia

93 1080 214 1162 inrepit
234 1083 281 1165 [et
299 1080 349 1143 sui
362 1080 529 1163 alienique
542 1084 783 1166 contemptus].
827 1082 897 1143 Iam
911 1101 989 1144 vero
1007 1082 1139 1163 propria
1173 1105 1188 1154 3

92 1198 125 1252 et
150 1188 331 1270 peculiaria
353 1188 452 1251 huius
481 1189 573 1251 urbis
598 1189 679 1251 vitia
707 1209 813 1271 paene
843 1188 876 1251 in
907 1198 1001 1252 utero
1023 1189 1139 1252 matris

91 1296 222 1377 concipi
244 1296 325 1358 mihi
342 1296 506 1371 videntur,
525 1296 730 1360 histrionalis
753 1296 847 1359 favor
869 1306 902 1360 et
920 1297 1137 1379 gladiatorum

91 1425 319 1487 equorumque
343 1404 463 1479 studia,
483 1405 604 1486 quibus
628 1414 811 1485 occupatus
836 1414 869 1467 et
892 1406 1051 1468 obsessus
1072 1406 1139 1468 ani-

90 1533 166 1574 mus
194 1513 390 1594 quantulum
420 1512 484 1575 loci
513 1512 610 1575 bonis
638 1513 766 1576 artibus
792 1512 973 1595 relinquit?
998 1522 1136 1595 quotum
1173 1536 1188 1583 4

89 1640 257 1703 quemque
280 1620 431 1682 invenies
454 1620 511 1702 qui
533 1620 622 1683 domi
645 1619 825 1702 quidquam
847 1620 936 1682 aliud
962 1620 1138 1703 loquatur?

89 1748 175 1810 quos
203 1727 286 1791 alios
317 1727 646 1791 adulescentulorum
680 1748 852 1791 sermones
885 1728 1079 1809 excipimus,
1111 1729 1138 1791 si

88 1836 223 1918 quando
240 1836 404 1899 auditoria
421 1836 641 1899 intravimus?
681 1837 734 1898 Ne
751 1844 986 1917 praeceptores
1003 1836 1137 1919 quidem
1174 1858 1187 1911 5

88 2011 188 2059 ribus:
211 2010 273 2058 here
298 2010 450 2075 apparently
470 2011 591 2073 meaning

89 2078 215 2139 vagaries,
223 2078 439 2138 superstitions.—
446 2077 553 2126 virides
562 2086 590 2125 et

87 2142 191 2202 teneri,
215 2143 292 2192 while
312 2143 389 2208 sreslo
412 2144 468 2192 ana'
488 2144 590 2206 plastic.

89 2211 145 2258 For
165 2209 217 2258 this
238 2226 283 2258 use
303 2209 333 2258 oi
352 2211 445 2258 virids's
462 2210 494 2258 cf.
514 2211 589 2274 Verg.

88 2279 156 2324 Aen.
162 2277 194 2324 V.
204 2290 235 2339 29
238 2278 394 2341 5Euryalus
394 2278 486 2341 forma
493 2279 592 2340 insigni

87 2345 220 2406 viridique
242 2345 367 2402 r'unenta,·
397 2343 466 2392 Ovid
491 2345 589 2395 Tristia

88 2410 138 2457 IV.
160 2423 196 2458 10.
219 2423 246 2471 17
268 2411 351 2458 viridi
367 2412 512 2459 aeon—in
530 2418 590 2459 tota

87 2477 192 2525 domo:
210 2476 254 2524 the
266 2492 337 2539 prep.
350 2476 411 2525 with
423 2484 487 2525 totus
499 2492 590 2526 occurs

86 2544 145 2591 also
155 2543 224 2590 Hist.
236 2542 255 2590 1.
266 2558 282 2603 4
291 2545 319 2590 in
329 2550 377 2591 toto
387 2545 443 2592 orbe
450 2552 589 2592 terrarum.

84 2623 185 2658 -nec
209 2610 363 2672 quisquam
387 2610 471 2673 pensi
493 2612 589 2670 habet,

85 2693 139 2724 nor
161 2677 209 2724 has
230 2693 283 2739 any
301 2693 345 2724 om
367 2694 383 2725 a
407 2693 472 2726 care.
507 2677 590 2740 pensi

84 2743 110 2791 is
134 2743 249 2805 genitive
271 2743 300 2791 oi
323 2744 416 2803 value;
445 2744 490 2792 Gr.
509 2757 556 2808 25²
569 2744 589 2792 b.

84 2809 245 2858 -infante
281 2811 407 2868 domino,
437 2811 477 2858 tle
502 2826 593 2873 young

84 2883 192 2924 master.
201 2904 234 2912 -
244 2891 310 2935 non,
329 2890 437 2940 neque:
455 2892 528 2925 more
540 2892 590 2925 em·

82 2942 178 3006 phatic
195 2942 258 2990 than
276 2960 361 3007 neque,
378 2960 464 3007 neque.
499 2943 536 2992 So
555 2959 591 2991 re·

82 3009 211 3074 peatedly
222 3011 248 3058 in
265 3010 309 3058 the
320 3011 454 3072 Dialogus,
466 3026 508 3073 ag.
524 3023 561 3057 12.
576 3023 585 3057 1

84 3095 141 3126 non
151 3080 180 3126 in
189 3081 296 3141 strepitu
306 3094 351 3126 nac
361 3078 457 3125 sedente
467 3084 527 3125 ante
535 3078 590 3124 osti-

83 3163 131 3194 um
155 3147 287 3209 litigatore.
296 3175 331 3182 -
340 3144 493 3203 dicacitati‚
511 3145 589 3191 sauci·

83 3231 144 3261 mss
152 3229 165 3271 ‚·
186 3214 247 3278 only
272 3214 334 3262 here
360 3212 387 3260 in
408 3210 521 3260 Tacitus.
557 3210 588 3258 In

83 3280 183 3329 Cicero
193 3280 238 3329 the
247 3279 318 3329 word
327 3281 349 3329 is
361 3277 496 3343 employed
508 3277 534 3325 in
544 3277 589 3326 the

82 3362 166 3396 sense
179 3347 209 3395 of
220 3347 318 3404 benten
332 3346 440 3412 raillery,
450 3362 492 3408 eg.
500 3346 530 3393 de
543 3347 587 3392 Or.

83 3415 123 3462 11.
152 3412 208 3461 218.
251 3414 287 3462 So
310 3414 367 3462 also
387 3413 414 3461 in
435 3411 587 3473 Quintilian,

79 3497 128 3544 e-g.
143 3481 192 3528 VI.
205 3495 227 3544 3.
242 3494 280 3543 ²9·

118 3561 146 3608 3.
171 3548 286 3610 propria
308 3555 336 3595 et
357 3547 528 3610 peculiaria:
554 3547 588 3594 al·

79 3613 370 3677 literation.—paene
394 3614 423 3662 in
447 3623 547 3663 utero.
561 3649 586 3661 ..

78 3680 237 3729 videntur:
255 3679 287 3728 cf.
299 3680 353 3728 Cic.
369 3681 439 3729 tirso.
449 3681 523 3743 Disp.
534 3681 586 3728 111.

81 3761 105 3794 1.
121 3761 137 3794 2
152 3762 223 3794 nnnc
239 3755 323 3795 autem
341 3748 422 3794 simul
436 3754 511 3810 atque
526 3748 589 3795 editi

77 3816 112 3860 in
125 3814 210 3860 lucem
222 3819 247 3861 et
256 3815 364 3874 suscepti
370 3829 466 3870 sumus,
476 3815 504 3861 in
517 3815 588 3861 omni

76 3880 206 3930 continuo
212 3881 343 3941 pravitate
354 3915 360 3926 .
373 3914 379 3927 .
393 3896 549 3940 .versamur,
559 3887 588 3930 nt

643 2018 726 2073 paene
742 2027 799 2059 cum
817 2011 880 2059 lacte
897 2012 1007 2059 nutricis
1025 2027 1137 2060 errorem

641 2079 740 2125 suxisse
761 2078 903 2125 videamur.
916 2103 949 2112 -
961 2076 1138 2127 histrionalis

642 2144 736 2193 favor:
755 2143 799 2193 the
810 2141 939 2208 adjective
951 2143 1013 2193 here
1030 2142 1077 2194 has
1095 2143 1139 2194 the

640 2211 713 2260 force
732 2210 761 2258 oi
780 2226 814 2259 an
831 2209 962 2274 objective
979 2211 1141 2273 genitive.-

641 2277 834 2341 gladiatorum
856 2291 1054 2340 equorumque
1077 2286 1139 2328 stu-

641 2344 687 2392 dia
700 2362 705 2391 :
723 2344 881 2408 brachylogy
891 2343 935 2391 ior
945 2345 1049 2392 interest
1059 2346 1086 2392 in
1098 2346 1140 2393 the

640 2417 744 2459 contests
763 2411 796 2474 of
807 2411 954 2474 gladiators
975 2413 1032 2459 and
1047 2411 1138 2459 horres.
1233 2419 1236 2426 '

641 2478 699 2526 The
717 2478 834 2528 Romans
852 2476 882 2526 of
899 2477 944 2526 the
961 2477 1078 2540 imperial
1095 2492 1140 2526 era

641 2543 706 2593 took
719 2545 763 2593 the
772 2552 843 2593 most
853 2551 1023 2607 extravagant
1032 2545 1139 2593 interest

640 2611 666 2660 in
684 2626 773 2674 games
785 2610 837 2659 and
855 2611 998 2674 spectacles
1017 2609 1046 2659 of
1063 2625 1139 2675 every

640 2677 849 2741 sort—quibus
867 2685 1028 2740 occupatus
1046 2684 1074 2725 et
1090 2679 1138 2725 ob-

641 2757 743 2794 sessus
761 2744 886 2803 animus,
899 2745 940 2791 tlte
946 2745 1138 2806 preoccupation

640 2811 671 2874 of
677 2812 745 2858 their
756 2812 843 2859 mincis
856 2811 917 2859 with
931 2810 1035 2868 which;
1053 2809 1085 2858 ef.
1098 2822 1137 2874 37.

641 2891 654 2938 7
670 2877 804 2936 Quinctius
816 2879 845 2926 de
857 2893 940 2925 ensus.

672 2959 698 3005 4.
722 2944 879 3007 quidquam
895 2943 972 2993 aliud
991 2943 1137 3006 loquatur:

639 3025 674 3058 sc.
699 3026 776 3074 qaam
805 3011 948 3066 histriones,
974 3011 1136 3074 gladiatores,

639 3092 719 3140 equos.
754 3078 840 3140 Loqui
854 3077 915 3125 with
929 3077 973 3126 the
991 3076 1138 3125 accusative

641 3147 679 3205 (as
688 3142 807 3207 opposed
817 3151 845 3192 to
855 3146 885 3193 de
892 3143 953 3192 with
964 3142 1008 3192 the
1017 3142 1136 3200 ablative,

638 3226 681 3273 agn
691 3211 754 3271 28.4
765 3227 808 3274 ego
818 3213 848 3260 de
860 3211 920 3259 urbe
931 3211 1032 3274 loquar)
1046 3224 1136 3258 means

639 3284 663 3325 to
682 3279 746 3326 leave
765 3279 863 3341 always
884 3295 915 3326 on
935 3277 1000 3326 one's
1017 3278 1074 3338 lips,
1092 3292 1135 3339 ag.

639 3344 692 3393 Cic.
701 3346 795 3394 adAtt.
805 3345 854 3394 IX.
865 3360 902 3410 13.
910 3344 926 3393 8
935 3360 1035 3393 meram
1044 3343 1135 3392 bellum

638 3413 759 3475 loquitur,
780 3413 847 3461 talks
870 3413 980 3475 nothing
1000 3411 1044 3458 but
1060 3425 1135 3466 war;

638 3479 670 3526 ci.
683 3495 733 3528 our
750 3479 819 3528 ‘talk
838 3480 923 3537 horse,
938 3477 993 3526 talk
1011 3476 1136 3541 shop.'—

638 3547 787 3606 auditoria‚
802 3548 993 3595 lecture-raama

671 3627 694 3675 5.
709 3627 745 3662 ne
755 3621 967 3677 praeceptores,
977 3618 1037 3660 eto:
1048 3609 1135 3659 notice

638 3680 682 3729 the
698 3681 806 3728 climax:
828 3679 873 3729 the
888 3679 954 3745 boys
968 3677 1023 3727 talk
1038 3677 1068 3726 of
1085 3683 1135 3725 act·

637 3762 688 3806 ors,
701 3746 842 3810 gladiators
855 3745 907 3794 and
918 3760 990 3794 races
1002 3752 1030 3794 at
1047 3743 1134 3800 horne,

637 3814 699 3877 they
711 3812 766 3862 talk
784 3812 813 3861 of
830 3812 874 3861 the
892 3827 964 3861 same
981 3820 1089 3860 matters
1106 3816 1134 3858 at

636 3879 736 3941 schoolg
765 3878 817 3927 and
846 3894 910 3928 even
940 3879 985 3932 the
1016 3876 1133 3933 teachers
