2784 4350
178 339 212 389 60
535 340 562 387 P.
582 339 762 388 CORNELII
788 338 916 388 TACITI
1188 334 1234 396 [32.
1250 337 1281 384 6-

180 529 193 577 7
228 527 271 571 ex
292 506 529 571 sordidissimis
552 506 701 571 artificiis
723 506 880 571 discatur.
931 506 1004 589 Ego
1026 505 1112 570 hanc
1134 506 1277 588 primam

230 624 263 678 et
288 615 498 697 praecipuam
524 636 657 678 causam
682 616 826 679 arbitror
850 636 908 678 cur
933 614 1123 677 intantum
1148 616 1190 678 ab
1214 614 1286 677 elo-'

180 731 195 780 8
230 723 367 807 quentia
386 723 599 806 antiquorum
619 732 788 786 oratorum
811 723 1058 787 recesserimus,
1111 722 1147 787 Si
1170 731 1279 785 testes

230 831 470 907 desiderantur,
513 851 596 913 quos
637 832 786 912 potiores
831 831 1011 894 nominabo
1050 852 1148 913 quam
1190 832 1279 912 apud

232 940 378 1003 Graecos
401 940 679 1014 Demosthenem,
697 960 806 1021 quem¹
820 939 1102 1003 studiosissimum
1129 939 1279 1002 Platonis

181 1069 198 1118 9
233 1048 418 1111 auditorem
443 1048 549 1111 luisse
577 1048 756 1110 memoriae
779 1048 948 1129 proditum
977 1048 1051 1110 est?
1088 1048 1131 1109 Et
1159 1048 1280 1111 Cicero

231 1156 293 1231 his,
326 1165 364 1218 ut
392 1156 519 1237 opinor,
545 1156 656 1219 verbis
690 1155 804 1230 refert,
834 1155 994 1237 quidquid
1023 1156 1057 1217 in
1086 1156 1282 1237 eloquentia

107 1290 113 1305 ·
195 1315 197 1318 v
232 1264 394 1340 effecerit,
431 1265 464 1326 id
501 1283 537 1327 sc
572 1285 641 1327 non
677 1284 718 1326 ex
754 1264 925 1326 rhetorum
962 1263 1103 1327 officinis
1142 1264 1201 1326 sed
1239 1284 1281 1325 ex

149 1357 151 1361 ’
186 1395 214 1429 ιο
232 1372 436 1436 Academiae
469 1372 585 1453 spatiis
617 1380 846 1436 consecutum.
914 1371 1000 1434 Sunt
1033 1372 1116 1434 aliae
1147 1392 1280 1446 causae,

233 1501 373 1563 magnae
402 1490 435 1543 et
463 1500 591 1563 graves
619 1500 700 1563 quas
730 1500 749 1541 a
774 1480 870 1542 vobis
897 1479 1018 1561 aperiri
1043 1500 1185 1561 aequum
1215 1488 1281 1553 est,

232 1589 389 1671 quoniam
421 1588 556 1670 quidem
588 1609 652 1670 ego
684 1588 748 1651 iam
779 1607 889 1650 meum
921 1608 1043 1649 munus
1075 1587 1206 1669 explevi
1235 1596 1282 1663 et,

233 1697 321 1778 quod
346 1696 428 1759 mihi
452 1696 486 1758 in
511 1695 755 1759 consuetudine
781 1704 842 1770 est,
869 1694 950 1758 satis
979 1695 1102 1757 multos
1126 1696 1284 1772 offendi;

186 1825 212 1859 11
233 1825 327 1886 quos,
357 1804 385 1867 si
413 1804 500 1867 forte
528 1804 611 1867 haec
639 1804 814 1879 audierint,
842 1812 970 1867 certum
1000 1804 1107 1866 habeo
1131 1804 1286 1867 dicturos

234 1933 297 1987 me,
316 1913 395 1974 dum
416 1912 496 1974 iuris
519 1921 552 1974 et
575 1911 806 1994 philosophiae
828 1912 1002 1975 scientiam
1022 1921 1192 1994 tamquam
1213 1934 1288 1976 ora-

233 2020 297 2082 tori
314 2020 535 2083 necessariam
552 2019 660 2095 laudo,
680 2018 816 2101 ineptiis
833 2019 916 2082 meis
933 2018 1118 2100 plausisse.’

185 2125 222 2190 33
281 2128 325 2191 Et
352 2128 527 2191 Maternus
546 2127 651 2190 ‘Mihi
674 2126 828 2209 quidem'
852 2127 960 2210 inquit
983 2138 1194 2210 ‘susceptum
1212 2150 1232 2192 a
1250 2138 1289 2193 te

234 2257 359 2301 munus
390 2237 473 2300 adeo
502 2236 673 2317 peregisse
707 2237 855 2298 nondum
884 2219 1006 2299 videris
1035 2245 1071 2299 ut
1106 2237 1289 2300 incohasse

234 2353 366 2407 tantum
385 2353 418 2407 et
435 2345 526 2406 velut
543 2344 686 2426 vestigia
708 2365 746 2407 ac
766 2344 960 2407 liniamenta
984 2346 1146 2426 quaedam
1171 2355 1290 2408 osten-

187 2475 199 2508 2
235 2454 325 2516 disse
356 2452 509 2516 videaris
572 2453 658 2515 Nam
691 2452 813 2533 quibus
845 2446 981 2515 artibus'
1004 2453 1125 2516 instrui
1150 2464 1289 2518 veteres

235 2645 490 2707 X111.27.-una=
512 2643 647 2692 foranum
663 2645 733 2705 (arti-
818 2657 857 2690 11.
881 2644 950 2692 dum
966 2643 1066 2693 laudor
1089 2647 1149 2693 dum
1163 2645 1224 2694 with
1239 2647 1290 2694 the

233 2713 337 2776 ficium)
353 2710 387 2776 by
398 2712 537 2760 attraction
555 2719 583 2759 to
601 2711 646 2759 the
664 2709 732 2774 subj.

236 2777 663 2841 eloquentia.—sordidissimis:
676 2775 733 2825 said

234 2845 296 2892 with
320 2845 450 2892 reference
470 2851 498 2892 to
519 2845 563 2892 the
583 2858 733 2908 mercenary

234 2926 361 2975 purposes
384 2910 427 2958 ior
448 2910 532 2958 which
556 2918 661 2976 oratory
679 2925 733 2958 was

234 2975 378 3042 employed
420 2976 477 3025 The
489 2984 604 3025 contrast
616 2975 732 3026 between

234 3051 300 3093 artes
311 3046 435 3106 ingenuae
443 3042 495 3090 and
504 3043 613 3106 artificia
623 3044 645 3092 is
657 3043 733 3093 made

234 3111 290 3160 also
304 3109 338 3175 by
351 3110 451 3166 Cicero,
464 3111 494 3158 de
505 3111 564 3157 Fin.
578 3110 630 3157 111.
643 3125 666 3170 4.

267 3191 292 3240 7.
315 3178 390 3226 hanc
414 3189 548 3226 causam:
581 3177 628 3224 viz.
649 3192 735 3240 super-

234 3242 429 3308 ficiality.-in
453 3251 581 3292 tantum:
610 3245 732 3307 post-Au·

234 3318 328 3373 gustan
343 3310 386 3358 lor
401 3317 518 3370 tantum3
542 3309 574 3358 cf.
589 3311 647 3358 Ger.
659 3321 691 3373 45
703 3312 733 3356 in

233 3384 332 3425 tantum
339 3378 646 3440 alibertatedegenerant,·
657 3377 732 3423 Dicl.

235 3457 257 3491 2.
269 3458 301 3504 43
319 3458 358 3492 21.
374 3445 444 3509 ἰείη
457 3449 590 3509 quantum.

267 3514 292 3559 8.
315 3506 452 3574 potiores,
465 3510 603 3573 wei'grktier.

267 3589 292 3636 9.
316 3585 344 3625 et
356 3577 532 3637 Cicero,etc.:
545 3574 732 3633 anacoluthon;

235 3658 272 3691 we
292 3642 388 3692 should
406 3652 497 3707 expect
515 3651 539 3692 et
553 3644 627 3706 apud
636 3659 681 3690 nos
695 3644 734 3690 Ci-

234 3725 355 3767 cermem,
367 3711 473 3774 parallel
487 3710 548 3759 with
561 3710 637 3773 apud
649 3709 733 3758 Grae·

235 3776 732 3826 cosDemosthenem.-hisverbis:

236 3842 280 3890 the
299 3841 406 3890 citation
427 3842 449 3890 is
467 3842 536 3891 from
555 3843 610 3892 Cic.
632 3843 676 3891 Or.
695 3855 732 3889 12.

783 2718 887 2772 present
905 2710 1043 2758 indicative
1064 2711 1089 2759 in
1107 2712 1216 2760 indirect
1235 2712 1291 2762 dis

784 2791 876 2824 course
893 2776 915 2824 is
932 2784 979 2824 not
998 2792 1157 2826 uncommon
1172 2779 1198 2826 in
1211 2779 1292 2828 Taci-

783 2851 833 2900 tus,
851 2843 1015 2907 particularly
1037 2843 1064 2892 in
1088 2844 1132 2892 the
1152 2845 1291 2894 historical

783 2909 876 2966 works,
895 2926 937 2972 eg.
954 2911 1022 2957 Hist.
1043 2911 1064 2958 I.
1085 2925 1130 2975 33;
1155 2913 1225 2958 Ann.
1248 2913 1289 2960 ΙΙ.

783 2975 1003 3039 81.—ineptiis:
1030 2975 1160 3043 modestly
1175 2986 1223 3040 put
1241 2978 1290 3027 ior

784 3044 894 3100 studiis,·
920 3042 952 3090 ci.
976 3043 1030 3092 Cic.
1054 3045 1084 3091 de
1115 3045 1159 3092 Or.
1186 3045 1207 3092 I.
1236 3058 1286 3093 111

785 3111 889 3157 ‘Dicam
914 3111 1035 3172 equidem,
1060 3116 1179 3174 quoniam
1212 3113 1290 3159 insti-

785 3178 830 3233 tui,
862 3183 997 3239 petamque
1029 3193 1045 3224 a
1082 3177 1163 3224 vobis’
1197 3180 1291 3242 inquit

785 3241 988 3306 (Crassus)‚‘ne
1011 3243 1058 3290 has
1081 3259 1149 3292 meas
1173 3247 1289 3306 ineptias

782 3309 907 3371 efferatis)

816 3372 861 3430 33.
881 3375 972 3423 adeo:
989 3376 1142 3426 correlative
1158 3378 1219 3426 with
1238 3379 1288 3428 the

782 3441 917 3504 following
939 3450 987 3491 ut:
1018 3443 1070 3491 ‘So
1094 3443 1135 3491 far
1161 3460 1204 3493 are
1229 3461 1287 3510 you

782 3508 851 3557 from
863 3508 981 3571 seeming
996 3495 1084 3558 totdre
1102 3517 1129 3558 to
1150 3511 1218 3560 have
1238 3513 1289 3561 fin-

784 3573 857 3624 ished
876 3589 941 3640 your
958 3575 1100 3638 taskmlrat
1118 3592 1170 3641 you
1187 3594 1289 3643 appear

784 3641 845 3706 only
863 3649 892 3690 to
915 3642 983 3691 have
1002 3643 1208 3705 presented-the
1228 3655 1290 3695 out·

782 3707 848 3758 lines
860 3707 890 3756 oi
901 3708 945 3757 the
957 3708 1076 3773 subject!

816 3788 841 3823 2.
865 3775 985 3834 artibus,
1004 3776 1097 3838 theory,
1116 3791 1146 3826 as
1166 3780 1288 3842 opposed

783 3839 868 3890 below
885 3848 913 3890 to
932 3841 1197 3904 exercitationibus,
1211 3854 1289 3909 prac-
