2784 4350
180 333 212 385 76
535 338 563 386 Ρ.
585 337 764 386 CORNELII
788 336 917 386 TACITI

180 500 217 563 41
278 503 334 567 Sic
351 524 483 587 quoque
499 506 588 588 quod
605 515 758 587 superest
772 505 900 587 antiqui
917 504 1103 568 oratoribus
1119 504 1195 579 fori,
1210 524 1280 567 non

230 612 428 675 emendatae
440 634 502 676 nec
514 633 620 695 usque
632 614 673 677 ad
684 623 799 677 votum
814 614 1017 695 compositae
1029 611 1174 677 civitatis
1183 633 1281 694 argu-

230 728 382 783 mentum
396 730 457 785 est.
485 721 570 804 Quis
588 722 677 785 enim
690 742 752 785 nos
769 723 908 786 advocat
924 722 989 785 nisi
1006 731 1063 785 aut
1080 741 1207 784 nocens
1220 730 1279 783 aut

182 856 196 890 2
232 828 355 890 miser?
397 829 496 912 Quod
513 830 730 912 municipium
756 830 790 893 in
813 830 1168 928 clientelamonostram
1185 830 1280 893 venit

231 935 295 999 nisi
312 938 400 1018 quod
417 947 474 1000 aut
498 938 628 1002 vicinus
653 939 795 1021 populus
819 948 876 1002 aut
905 939 1089 1003 domestica
1112 939 1281 1002 discordia

231 1044 359 1126 agitat?
394 1046 504 1128 Quam
521 1048 724 1128 provinciam
750 1057 885 1110 tuemur
910 1048 975 1110 nisi
992 1048 1167 1130 spoliatam
1185 1068 1281 1110 vexa-

181 1175 196 1224 3
232 1154 385 1236 tamque?
418 1153 526 1236 Atqui
539 1155 658 1218 melius
670 1156 792 1219 fuisset
804 1176 871 1218 non
885 1156 979 1238 queri
995 1176 1092 1238 quam
1106 1156 1278 1219 vindicari.

233 1262 333 1344 Quod
347 1262 375 1326 si
391 1262 598 1326 inveniretur
613 1264 724 1346 aliqua
737 1264 856 1327 civitas
874 1264 908 1326 in
922 1285 987 1347 qua
999 1284 1098 1327 nemo
1111 1273 1278 1345 peccaret,

232 1391 458 1452 supervacuus
484 1380 574 1434 esset
599 1372 688 1435 inter
713 1372 911 1435 innocentes
936 1382 1056 1448 orator,
1078 1372 1165 1435 sicut
1191 1371 1282 1435 inter

182 1499 198 1545 4
233 1499 333 1542 sanos
351 1480 500 1543 medicus
515 1501 523 1555 ;
555 1501 621 1562 quo
644 1481 741 1543 modo
764 1481 853 1543 enim
878 1480 1054 1543 minimum
1079 1501 1159 1543 usus
1185 1480 1281 1557 mini-

232 1608 389 1669 mumque
406 1588 578 1669 proiectus
600 1609 654 1651 ars
680 1589 847 1651 medentis
874 1589 974 1652 habet
997 1589 1031 1651 in
1054 1589 1093 1651 iis
1119 1589 1280 1671 gentibus

232 1716 317 1777 quae
341 1696 530 1758 firmissima
553 1696 745 1759 valetudine
768 1717 806 1760 ac
832 1695 1058 1760 saluberrimis
1083 1696 1279 1779 corporibus

233 1812 381 1878 utuntur,
401 1803 449 1867 sic
466 1804 574 1866 minor
595 1814 764 1868 oratorum
786 1805 893 1867 honor
915 1804 1152 1887 obscuriorque
1173 1803 1280 1886 gloria

232 1921 284 1974 est
302 1912 391 1974 inter
406 1912 512 1975 bonos
530 1932 639 1975 mores
657 1922 690 1975 et
708 1912 742 1976 in
759 1913 957 1996 obsequium
970 1912 1119 1995 regentis
1133 1921 1277 1995 paratos.

184 2040 197 2092 5
234 2020 325 2103 Quid
350 2020 439 2083 enim
464 2040 548 2102 opus
573 2031 625 2084 est
649 2022 759 2103 longis
785 2021 818 2084 in
844 2031 962 2084 senatu
987 2021 1176 2095 sententiis
1203 2042 1278 2083 cum

232 2129 350 2212 optimi
379 2129 446 2193 cito
475 2130 710 2193 consentiant?
752 2129 842 2213 Quid
867 2130 982 2193 multis
1006 2130 1093 2212 apud
1118 2128 1277 2211 populum

232 2238 456 2313 contionibus,
476 2259 551 2302 cum
576 2239 617 2302 de
641 2259 678 2302 re
702 2238 836 2320 publica
860 2259 927 2301 non
952 2237 1098 2319 imperiti
1122 2247 1157 2300 et
1182 2237 1278 2299 multi

182 2354 198 2404 6
232 2347 429 2433 deliberent,
445 2347 504 2410 sed
518 2346 785 2429 sapientissimus
803 2355 836 2409 et
853 2347 964 2409 unus?
989 2346 1068 2428 quid
1081 2344 1278 2408 voluntariis

231 2455 512 2530 accusationibus,
531 2475 606 2518 cum
631 2464 700 2526 tam
725 2474 797 2516 raro
822 2463 856 2516 et
880 2463 950 2516 tam
974 2474 1072 2536 parce
1096 2453 1277 2535 peccetur?

234 2563 324 2646 Quid
345 2562 517 2625 invidiosis
542 2572 576 2625 et
601 2561 840 2626 excedentibus
863 2562 998 2624 modum
1014 2561 1276 2634 defensionibus,

233 2692 309 2734 cum
327 2669 507 2734 clementia
523 2671 759 2752 cognoscentis
774 2669 903 2733 obviam
917 2668 1185 2751 periclitantibus
1203 2669 1277 2731 eat?

782 2827 878 2891 gentis
904 2834 1030 2890 paratos,
1050 2827 1106 2874 and
1125 2826 1242 2874 inclined
1256 2833 1279 2872 to

781 2895 905 2942 obedience
916 2900 940 2940 to
950 2909 966 2940 a
975 2895 1111 2956 sovereign.

263 2827 310 2884 41.
335 2830 377 2877 sic
392 2842 516 2892 quoque,
529 2835 589 2876 etc:
608 2833 653 2876 ‘so
665 2843 731 2876 even

231 2895 326 2959 to-day,
339 2910 368 2943 as
383 2894 424 2942 far
441 2909 470 2943 as
488 2894 533 2942 the
549 2894 652 2942 ancient
670 2901 731 2958 type

231 2962 261 3010 of
271 2969 378 3026 oratory
390 2960 514 3018 survives,
526 2961 547 3008 it
561 2975 656 3023 proves
674 2961 731 3009 that

231 3029 276 3078 the
287 3035 355 3077 state
368 3028 391 3076 is
404 3034 451 3075 not
464 3035 507 3092 yet
516 3026 622 3090 perfect,
632 3027 689 3076 etc!

263 3110 288 3156 3.
307 3095 411 3144 melius
422 3094 537 3143 luisset:
549 3093 732 3142 wheremelius

227 3162 288 3226 suit
293 3160 380 3210 would
388 3161 420 3210 be
430 3160 476 3209 the
483 3175 635 3209 commonet
642 3159 730 3208 idiom.

231 3230 275 3277 Gr.
282 3243 338 3293 309,
348 3244 405 3276 2.—
412 3243 469 3277 non
480 3228 571 3291 queri:
583 3229 620 3276 tle.
628 3235 656 3275 to
664 3226 731 3275 have

230 3310 265 3343 no
277 3310 355 3344 cause
367 3295 409 3343 ior
423 3295 573 3358 complaint.

263 3378 288 3424 4.
312 3363 467 3411 minimum
480 3376 553 3411 usus
566 3361 732 3410 minimum·

230 3443 285 3492 que
299 3429 457 3492 profectus,
471 3430 513 3477 tlre
529 3430 593 3476 least
603 3428 666 3476 need
673 3429 730 3476 and

229 3498 403 3559 consequently
425 3497 467 3544 tlte
490 3497 554 3544 least
571 3495 731 3558 advantage,·

229 3576 296 3625 -que
308 3561 331 3611 is
345 3563 502 3626 epexegetic.
539 3561 604 3610 This
617 3576 697 3624 usage
710 3561 731 3610 is

229 3627 433 3691 comparatively
440 3642 506 3686 rare;
517 3627 549 3676 ci.
554 3629 611 3676 Ger.
621 3641 653 3691 29
660 3629 731 3676 ultra

229 3694 351 3742 Rhenum
363 3695 483 3756 ultraque
490 3701 582 3743 veteres
589 3696 730 3752 terminor;

230 3760 297 3824 Livy
309 3761 330 3808 Ι.
343 3760 383 3817 60,
398 3773 409 3808 1
423 3760 554 3823 eodemque
569 3767 679 3822 tempore
693 3777 731 3808 ve-

231 3831 336 3874 nerunt.
348 3833 422 3874 —et
441 3826 471 3873 in
494 3827 667 3890 obsequium
688 3841 731 3874 re-

815 2974 839 3022 5.
863 2959 931 3024 quid
955 2960 1033 3008 enim
1057 2972 1139 3022 opus,
1158 2966 1219 3007 etc:
1242 2959 1277 3006 i.e.

782 3027 867 3076 ‘what
884 3025 951 3075 need
969 3025 998 3074 of
1015 3035 1120 3090 oratory
1131 3023 1217 3074 where
1235 3023 1278 3072 the

781 3093 849 3143 ideal
866 3100 1038 3156 govemment
1055 3090 1159 3156 already
1171 3091 1278 3141 existsl’

781 3161 873 3210 —sed
886 3159 1122 3223 sapientissimus
1138 3165 1167 3206 et
1185 3172 1277 3208 unus:

781 3229 818 3276 τῖε.
839 3227 883 3276 the
905 3227 1039 3290 Emperor.
1075 3224 1183 3273 Tacitus
1199 3225 1278 3274 seizes

781 3295 826 3342 the
843 3294 1013 3359 opportunity
1025 3293 1054 3341 oi
1067 3291 1279 3355 complimenting

781 3361 826 3410 the
838 3360 1046 3410 administration
1059 3360 1088 3409 oi
1099 3359 1252 3422 Vespasian.

814 3431 839 3476 6.
868 3428 1037 3478 voluntariis
1088 3425 1277 3475 accusationi-

782 3497 854 3544 bus:
872 3497 909 3542 in.
917 3494 981 3544 such
995 3510 1025 3544 as
1037 3495 1112 3544 those
1125 3491 1278 3556 voluntarily

782 3560 895 3624 brought
922 3561 956 3626 by
980 3562 1078 3610 Caesar
1106 3559 1158 3608 and
1189 3558 1278 3608 Cicero

782 3628 882 3690 against
901 3627 1041 3676 Dolabella
1059 3626 1111 3675 and
1131 3627 1234 3682 Verres,
1253 3625 1277 3672 in

781 3694 825 3743 the
834 3695 885 3743 last
895 3695 959 3760 days
972 3694 1001 3742 ol
1012 3695 1057 3742 the
1070 3692 1205 3756 Republic.
1231 3692 1277 3740 See

782 3760 821 3826 36.
851 3760 1150 3825 3--cognoscentis2
1179 3761 1217 3807 ia.
1243 3760 1277 3805 iu-

781 3828 844 3876 dicis
851 3844 863 3886 ,·
887 3827 918 3876 cf.
935 3841 971 3890 19.
985 3827 1036 3876 dn.
1073 3825 1137 3875 Iotr.
1149 3841 1174 3888 p.
1187 3841 1228 3874 xx.
