2784 4350
232 347 249 394 4
594 347 620 394 P.
641 346 820 395 CORNELII
842 347 971 396 TACITI
1255 349 1328 413 [23-

283 512 500 593 opinarentur
514 533 576 577 nec
595 514 750 577 Secundo
772 525 963 596 promptum
987 536 1060 578 esse
1085 537 1275 580 sermonem
1292 527 1326 580 et

283 619 414 702 Aprum
432 620 568 703 ingenio
587 621 700 703 potius
723 631 756 684 et
780 622 812 685 vi
838 632 976 686 naturae
996 645 1095 706 quam
1112 624 1326 688 institutione

233 751 248 797 4
283 737 316 791 et
345 729 465 791 litteris
493 729 615 792 famam
644 728 856 812 eloquentiae
887 742 1113 796 consecutum.
1158 712 1264 795 ‘Nam
1293 744 1326 796 et

283 836 438 901 Secundo
464 857 567 918 purus
594 845 627 899 et
654 858 790 918 pressus
818 848 861 920 et,
886 839 920 900 in
946 849 1108 921 quantum
1135 841 1218 903 satis
1245 851 1325 916 erat,

281 945 451 1026 profluens
476 965 585 1008 sermo
610 966 677 1007 non
702 945 819 1021 deluit,
846 955 879 1008 et
904 947 999 1028 Aper
1023 948 1113 1009 omni
1139 948 1327 1012 eruditione

281 1052 429 1114 imbutus
455 1054 691 1116 contemnebat
718 1053 829 1135 potius
857 1053 986 1117 litteras
1015 1076 1113 1137 quam
1143 1057 1325 1132 nesciebat,
1381 1082 1382 1085 ¹

233 1181 245 1233 5
281 1169 450 1242 tamquam
476 1159 633 1247 maiorem
650 1160 834 1224 industriae
851 1171 884 1224 et
901 1162 1024 1224 laboris
1041 1163 1180 1244 gloriam
1198 1165 1328 1227 habitu·
1381 1194 1382 1197 ¹

281 1289 346 1344 ruS,
360 1269 387 1331 si
401 1268 572 1350 ingenium
586 1268 657 1331 eius
671 1269 771 1332 nullis
784 1270 966 1333 alienarum
980 1270 1100 1333 artium
1115 1272 1327 1336 adminiculis
1381 1330 1382 1337 ,

280 1377 378 1439 inniti
395 1377 572 1440 videretur.

233 1491 249 1554 3
328 1485 436 1567 Igitur
461 1495 498 1548 ut
525 1485 721 1548 intravimus
748 1487 936 1549 cubiculum
967 1488 1122 1562 Materni,
1151 1489 1327 1551 sedentem
1381 1512 1382 1569 1

280 1593 456 1676 ipsumque
481 1614 579 1676 quem
602 1593 707 1674 pridie
729 1594 925 1656 recitaverat
951 1595 1071 1657 librum
1096 1596 1183 1658 inter
1207 1617 1327 1658 manus
1381 1618 1382 1621 ¹

280 1701 459 1764 habentem
477 1700 768 1782 deprehendimus.

311 1810 414 1872 ¹Tum
429 1810 605 1873 Secundus
623 1808 777 1872 '‘Nihilne
790 1810 838 1873 te'
857 1811 974 1893 inquit,
996 1814 1173 1888 ‘Materne
1193 1813 1327 1877 fabulae

280 1917 499 2000 malignorum
532 1926 669 1994 terrent,
700 1939 765 2002 quo
797 1919 907 1982 minus
940 1921 1086 1983 offensas
1121 1921 1260 1984 Catonis
1278 1923 1328 1984 tui

279 2026 389 2089 ames?
414 2046 456 2089 an
470 2025 544 2088 ideo
557 2024 677 2089 librum
691 2026 793 2089 istum
806 2027 1066 2108 apprehendisti,
1080 2039 1117 2092 ut
1131 2029 1327 2110 diligentius

279 2192 348 2247 gent.
375 2184 454 2241 Here,
462 2183 588 2241 however,
597 2184 642 2233 the
651 2187 778 2248 qreamvis-
862 2183 888 2241 3.
903 2186 1003 2249 igitur:
1013 2187 1113 2249 though
1121 2188 1250 2252 regularly
1257 2196 1328 2251 post·

279 2249 587 2300 clausedenotesafact.
623 2251 680 2300 The
699 2266 778 2314 usage
828 2253 938 2315 positive
960 2253 987 2300 in
1010 2253 1086 2301 other
1104 2254 1202 2302 writers
1224 2258 1327 2317 (except

279 2318 300 2367 is
312 2319 527 2381 post-Augustam
830 2318 945 2379 Sallust),
964 2321 1045 2383 igitur
1060 2320 1087 2367 in
1102 2320 1212 2384 ¹Tacitus
1230 2321 1327 2369 almost

311 2401 336 2446 4.
363 2398 440 2442 nam,
468 2391 531 2432 etc:
555 2384 702 2447 explaining
725 2402 777 2433 ma·
826 2385 968 2450 invariably
980 2386 1070 2434 stands
1082 2393 1108 2435 at
1125 2386 1169 2435 the
1185 2386 1327 2450 beginning

235 2498 237 2503 ,
278 2452 346 2514 ligne
357 2450 777 2514 above.÷purus,r'dr'omatic.—
827 2452 856 2499 of
873 2452 918 2502 the
936 2453 1185 2501 sentence—inter
1205 2468 1327 2503 manus:

278 2531 407 2582 pressus,
418 2518 518 2565 concr'se.
555 2520 596 2565 On
613 2518 657 2566 the
669 2518 776 2566 allitera·
827 2533 899 2566 more
919 2520 1067 2585 commonly
1084 2522 1112 2567 in
1133 2522 1262 2577 manibus,
1280 2520 1328 2569 but

278 2584 333 2633 tion
344 2584 370 2632 in
378 2591 471 2646 purus,
477 2590 590 2647 pressus,
595 2585 736 2647 profluens,
743 2613 777 2620 —
827 2584 859 2633 ci.
869 2587 893 2632 Α
897 2601 941 2633 nn.
952 2582 1137 2635 111.'16eisum
1148 2588 1249 2648 saepius
1258 2590 1328 2635 inter

278 2666 294 2699 a
301 2651 411 2699 favorite
422 2650 559 2699 rhetorical
570 2650 658 2699 device
668 2651 696 2699 of
705 2651 777 2698 Taci-
827 2668 921 2699 manus
929 2654 1032 2714 Pisonis
1039 2653 1329 2711 libellum-fabulae,

277 2721 418 2774 tus-see
432 2719 494 2766 Int'r.
508 2733 532 2781 p.
546 2717 676 2765 xxii-in
689 2732 777 2780 quan·
822 2715 1075 2780 gastus—terrent
1090 2720 1263 2782 quominus:
1280 2728 1330 2768 ter-

278 2791 352 2834 tum:
365 2784 776 2848 post-Augustamtorquentum
827 2784 883 2833 rere
901 2784 1040 2833 construed
1059 2785 1111 2833 lik'e
1131 2788 1276 2841 deterrere:
1296 2788 1329 2835 ci.

263 2852 310 2902 cf.
323 2866 362 2917 32.
376 2866 388 2912 7
403 2854 431 2899 in
444 2857 553 2898 tantum.
737 2886 744 2892 .
827 2853 896 2899 Hist.
921 2852 948 2899 Ι.Ι
965 2866 997 2912 40
1025 2859 1138 2901 terruere
1160 2869 1210 2915 quo
1238 2856 1331 2901 mium

310 2932 334 2980 5.
365 2926 522 2980 tamquam,
558 2924 615 2973 etc,
650 2916 708 2963 that
745 2913 777 2961 he
819 2919 939 2982 facerent
948 2920 1043 2976 uelum
1056 2920 1171 2967 CaesB.
1182 2920 1284 2967 G.VII.
1296 2936 1330 2983 49

277 2983 365 3030 would
380 2984 462 3044 gain,·
491 2977 709 3045 tanrquanr'with
732 2982 776 3031 the

276 3048 362 3097 future
378 3048 513 3111 participle
526 3048 548 3097 is
560 3051 776 3112 post-Augustam,

277 3130 306 3164 as
318 3115 339 3164 is
351 3115 407 3163 also
422 3114 466 3163 the
475 3114 530 3163 free
542 3131 587 3164 use
597 3115 626 3162 oi
637 3115 682 3164 the
690 3116 776 3164 future

277 3181 410 3244 participle
431 3180 502 3229 itseli
521 3181 630 3237 without
647 3197 680 3229 an
699 3182 777 3230 auxil-

277 3248 346 3313 iary;
370 3248 403 3297 cf.
420 3249 491 3295 Ann.
513 3248 577 3296 XII.
595 3262 628 3311 49
644 3256 775 3312 tamquam

277 3315 465 3376 reciperaturus
479 3315 778 3363 Armenian—maio-

278 3395 338 3430 rem
354 3381 523 3440 industriae,
543 3388 608 3429 etc:
626 3382 662 3436 ie.
675 3390 777 3444 greater

276 3447 429 3511 gloryfrom
445 3447 489 3496 the
506 3447 624 3512 industry
635 3447 687 3496 and
702 3444 777 3496 labor

277 3514 359 3562 which
373 3514 407 3563 he
424 3515 503 3579 really
516 3513 628 3563 devoted
640 3522 668 3563 to
678 3514 775 3563 letters.

276 3580 466 3645 -ingenium
480 3582 555 3631 eius:
568 3580 776 3645 moreobjective

231 3663 233 3667 ·
277 3647 339 3695 than
351 3650 483 3711 ingenium
496 3664 579 3706 suum,
592 3648 676 3696 which
690 3646 776 3696 would

277 3712 309 3762 be
321 3714 365 3762 the
378 3715 478 3763 normal
492 3713 568 3763 mode
578 3714 607 3762 oi
618 3714 774 3777 expression.

276 3781 481 3829 —alienarum
509 3781 630 3830 artium:
659 3780 723 3829 such
746 3796 775 3829 as

277 3846 396 3905 rhetoric,
409 3846 573 3914 philosophy,
587 3855 634 3916 etc.

827 2991 858 3032 ut
872 2992 977 3032 terreret
993 3001 1042 3048 qua
1051 2988 1148 3048 ,minus
1165 2986 1246 3034 hostes
1264 2988 1331 3035 inse-

827 3057 972 3114 querentur.
1004 3052 1046 3099 On
1057 3052 1102 3100 the
1111 3053 1290 3117 employment
1301 3054 1332 3101 ot

827 3134 876 3180 qua
893 3119 981 3165 minus
996 3117 1090 3165 attera
1101 3119 1227 3181 negative,
1240 3120 1331 3168 where

827 3183 872 3232 the
889 3183 1010 3249 ordinary
1021 3200 1100 3247 usage
1112 3183 1239 3234 demands
1251 3189 1330 3249 quin,

827 3249 859 3298 ci.
878 3249 961 3299 below
980 3267 1032 3298 nan
1052 3254 1150 3299 saltant
1168 3268 1218 3314 qua
1238 3255 1332 3302 minus

826 3317 1077 3376 consumas;,21.6;
1096 3332 1135 3381 34.
1152 3332 1175 3382 3.
1216 3319 1331 3368 Tacitus

826 3383 943 3448 employs
954 3385 1018 3446 quin
1033 3383 1085 3432 and
1096 3401 1145 3447 quo
1155 3386 1245 3433 minus
1256 3386 1332 3434 wn'th·

826 3456 872 3497 out
889 3449 1019 3498 reference
1033 3457 1061 3498 to
1074 3450 1118 3498 the
1132 3451 1222 3499 earlier
1237 3467 1331 3515 usage.

826 3516 987 3565 —Catonis
1005 3517 1062 3565 tui:
1082 3519 1120 3565 i.e.
1136 3516 1165 3565 of
1183 3533 1249 3582 your
1265 3519 1332 3583 play

829 3584 1036 3631 Cata-ames:
1055 3583 1097 3631 for
1110 3584 1155 3633 the
1170 3600 1215 3632 use
1227 3584 1258 3631 ot
1267 3602 1332 3633 aneo

826 3647 930 3711 applied
942 3644 971 3696 to
980 3649 1066 3712 things
1078 3650 1110 3698 cf.
1122 3650 1181 3699 Sen.
1191 3653 1279 3699 Contr.
1290 3652 1331 3699 11.
1381 3713 1382 3720 ἵ

827 3728 897 3763 2.10'
915 3732 966 3763 nan
985 3717 1115 3779 ignoravit
1132 3718 1196 3765 vitia
1216 3734 1265 3766 sua
1285 3719 1335 3767 sed
1381 3739 1382 3742 ¹

825 3783 942 3840 amauit,·
964 3782 1053 3845 Quint.
1073 3784 1107 3831 X.
1124 3798 1145 3831 1.
1165 3797 1212 3848 130
1232 3786 1258 3831 si
1273 3802 1331 3834 non
1381 3809 1382 3842 1

826 3850 911 3897 anania
925 3865 972 3898 sua
987 3857 1096 3898 amasset
1109 3854 1151 3911 (sc.
1165 3851 1332 3911 Seneca).—
1381 3845 1382 3864 ¹
