2784 4350
120 367 160 410 -15.
176 360 198 424 5]
388 358 577 408 DIALOGVS
603 359 652 407 DE
677 358 923 407 ORATORIBVS.
1173 355 1206 408 27

120 549 209 610 quam
238 527 272 590 in
302 527 405 609 Apr0,
434 528 522 609 quod
549 529 697 590 nondum
724 527 767 590 ab
793 525 1001 590 scholasticis
1028 534 1157 588 contro·

119 636 227 699 versiis
241 636 379 700 recessit
394 645 427 698 et
441 636 545 698 otium
560 656 657 697 suum
671 635 797 697 mavult
811 654 972 696 novorum
985 635 1157 696 rhetorum

120 763 202 806 more
219 764 317 825 quam
334 751 486 805 veterum
503 751 672 805 oratorum
689 740 908 805 consumere.’

159 853 244 913 Tum
262 851 376 932 Aper:
410 851 507 912 ‘Non
533 850 668 923 desinis,
695 849 862 923 Messalla,
886 857 1001 912 vetera
1024 856 1155 913 tantum
1171 847 1207 910 15

119 959 308 1040 etantiqua
333 958 453 1032 mirari,
480 967 671 1021 nostrorum
697 967 809 1020 autem
835 966 1023 1038 temporum
1048 956 1160 1019 studia

119 1067 256 1129 inridere
269 1077 369 1149 atque
383 1075 608 1129 contemnere.
658 1067 746 1128 Nam
759 1066 848 1128 hunc
861 1074 956 1127 tuum
970 1084 1159 1127 sermonem

119 1195 214 1256 saepe
230 1175 354 1256 excepi,
374 1195 449 1237 cum
467 1174 591 1236 oblitus
609 1183 642 1236 et
660 1183 739 1236 tuae
757 1183 790 1235 et
807 1173 921 1235 fratris
939 1173 989 1234 tui
1005 1173 1159 1255 eloquen-

117 1283 180 1344 tiae
196 1283 364 1345 neminem
382 1282 444 1344 hoc
462 1291 613 1363 tempore
637 1291 802 1344 oratorem
826 1301 901 1343 esse
922 1281 1160 1356 contenderes;

117 1400 214 1473 atque
237 1390 269 1453 id
292 1411 341 1464 eo,
361 1391 468 1464 credo,
488 1390 656 1464 audacius,
679 1391 766 1472 quod
792 1389 1010 1470 malignitatis
1036 1388 1160 1470 opinio
1196 1417 1209 1451 2

117 1519 191 1560 nem
218 1519 284 1560 non
311 1498 487 1572 verebaris,
515 1518 590 1560 cum
616 1518 688 1559 eam
715 1496 863 1579 gloriam,
890 1517 988 1579 quam
1016 1496 1077 1560 tibi
1105 1496 1160 1558 alii

117 1607 312 1680 concedunt,
332 1605 402 1687 ipse
419 1606 481 1668 tibi
498 1605 704 1687 denegares’

163 1714 301 1796 ‘Neque
333 1712 442 1776 illius’
473 1713 580 1795 inquit
612 1713 794 1776 ‘sermonis
823 1713 888 1775 mei
920 1713 1160 1794 paenitentiam
1196 1742 1211 1792 3

115 1843 187 1904 ag0,
207 1842 315 1904 neque
332 1831 388 1884 aut
408 1821 600 1884 Secundum
618 1831 675 1884 aut
693 1822 887 1884 Maternum
904 1830 961 1883 aut
984 1830 1018 1883 te
1041 1821 1159 1902 ipsum,

116 1930 218 2011 Aper,
231 1950 429 2011 quamquam
444 1929 610 1992 interdum
628 1929 662 1991 in
676 1929 878 1992 contrarium
893 1928 1053 2009 disputes,
1066 1928 1163 1991 aliter

116 2037 241 2100 sentire
257 2038 364 2100 credo.
414 2037 467 2099 Ac
484 2037 583 2100 velim
597 2037 812 2118 impetratum
826 2037 867 2099 ab
880 2036 988 2118 aliquo
1001 2045 1160 2112 vestrum,
1196 2068 1212 2114 4

115 2154 152 2209 ut
170 2166 286 2209 causas
303 2145 401 2209 huius
415 2145 564 2208 infinitae
578 2144 789 2209 differentiae
802 2152 970 2209 scrutetur
983 2165 1021 2209 ac
1034 2145 1160 2221 reddat,

114 2275 198 2337 quas
224 2274 354 2316 mecum
380 2254 451 2334 ipse
476 2254 670 2335 plerumque
695 2253 866 2335 conquiro,
917 2254 961 2316 Et
984 2255 1073 2335 quod
1095 2254 1163 2335 qui·
1200 2277 1212 2329 5

113 2411 395 2475 ci.13.4n.-quam
415 2412 444 2459 in
461 2412 555 2474 Apro:
579 2426 614 2459 sc.
665 2411 763 2459 mitian.
785 2410 1163 2475 PlinyinhisEpistlesspeaks

115 2479 244 2540 probari,·
264 2479 301 2525 i.e.
321 2476 456 2525 Secundus
475 2477 526 2525 and
545 2478 616 2541 Aper
666 2477 694 2525 oi
716 2477 770 2524 him
789 2477 815 2524 in
837 2484 916 2526 terms
937 2476 965 2524 ol
985 2477 1030 2525 the
1049 2485 1163 2540 greatest

113 2545 181 2593 both
200 2551 253 2592 met
266 2543 327 2592 with
346 2544 513 2605 approval,-
522 2544 616 2592 Secun-
666 2551 807 2606 contempt,
820 2550 862 2607 yet
880 2558 916 2591 no
928 2558 979 2591 one
997 2559 1057 2592 ever
1069 2542 1163 2593 denied

113 2610 166 2659 dus
187 2624 283 2672 among
301 2610 377 2658 those
395 2609 461 2665 who,
478 2610 530 2658 like
549 2611 615 2658 Mes·
665 2610 706 2659 his
715 2617 787 2673 great
796 2610 894 2674 ability.
925 2610 968 2657 He
978 2625 1029 2658 was
1038 2610 1164 2676 probably

111 2678 189 2733 salla,
197 2676 374 2742 sympathized
387 2676 448 2724 with
461 2676 501 2725 his
513 2676 616 2741 literary
665 2676 771 2725 brother
791 2677 820 2723 of
841 2676 966 2725 Messalla
984 2678 1046 2741 only
1063 2692 1097 2725 on
1118 2677 1163 2726 the

110 2743 239 2807 pursuits,
253 2744 324 2805 Aper
341 2757 438 2806 among
457 2744 532 2792 those
549 2743 614 2800 who,
666 2743 790 2791 mother’s
802 2742 1164 2806 side.-opinionem,repu-

112 2810 206 2859 unlike
225 2810 356 2866 Messalla,
370 2809 482 2873 thought
500 2810 544 2858 the
562 2825 616 2858 ora·
665 2812 860 2858 tarrae-non
884 2810 1040 2869 verebaris,
1060 2811 1115 2858 had
1132 2827 1165 2858 no

111 2876 208 2925 torical
221 2876 332 2939 training
344 2876 373 2925 of
385 2877 428 2924 the
441 2876 491 2941 day
500 2877 617 2939 superior
666 2876 730 2925 need
738 2884 762 2925 to
766 2878 835 2941 sear.

111 2953 142 2991 to
151 2942 210 2991 that
219 2942 248 2990 oi
258 2943 447 2991 formertimes.
477 2943 617 2991 Thereler-
699 2958 724 3004 3.
748 2943 956 3007 paenitentiam
991 2958 1067 3007 ago:
1095 2951 1165 3007 post·

110 3024 180 3058 ence
197 3017 224 3057 to
239 3012 317 3073 Aper,
331 3009 503 3075 accordingly,
517 3010 617 3074 isasly
667 3011 803 3072 Augustan
831 3009 874 3057 for
902 3026 942 3058 me
966 3012 1102 3073 paenitet,·
1131 3011 1163 3059 ci.

109 3077 153 3125 bit
163 3076 192 3124 of
202 3076 276 3141 irony
284 3093 318 3125 on
328 3077 437 3140 thepart
446 3076 475 3124 of
485 3077 615 3125 Messalla
667 3077 757 3137 Quint.
770 3078 818 3124 IX.
832 3090 854 3140 3.
871 3091 899 3125 12
913 3093 963 3125 non
979 3085 1067 3125 acturo
1078 3080 1165 3139 poeni·

108 3143 350 3192 -scholasticis
397 3143 616 3192 controversiis:
665 3144 1003 3207 tentiam—quamquam
1017 3144 1164 3207 disputes:

109 3210 275 3272 conceming
293 3210 367 3259 these
386 3225 430 3258 see
451 3210 558 3272 chapter
577 3221 615 3273 35.
667 3209 712 3258 the
742 3209 828 3273 suij.
858 3210 919 3258 with
951 3226 1108 3273 quamquam
1142 3211 1165 3258 is

108 3277 288 3326 Scholasticus
315 3277 338 3325 is
365 3292 380 3324 a
408 3277 616 3339 post-Augustan
666 3277 723 3324 also
745 3278 955 3339 post-Augustan
974 3276 1026 3325 and
1044 3277 1117 3326 usual
1138 3276 1165 3324 in

110 3343 199 3392 word.
667 3342 781 3400 Tacitus,
818 3342 918 3406 though
956 3343 1000 3391 the
1035 3342 1105 3407 ind..
1125 3358 1165 3391 oc-

148 3408 196 3466 15.
222 3410 334 3473 excepi:
351 3410 498 3473 equivalent
511 3418 538 3458 to
547 3410 618 3457 audi-
667 3424 733 3458 curs.
968 3426 972 3434 ·

107 3478 149 3535 vi,
163 3492 192 3526 as
204 3476 231 3525 in
246 3491 266 3524 1.
281 3489 305 3540 5;
324 3477 356 3525 cf.
370 3491 408 3541 34.
420 3491 433 3524 2
446 3478 618 3525 altercationes
711 3491 736 3537 4.
748 3476 835 3526 velim
848 3477 1044 3540 impetratum,
1058 3484 1117 3525 eto:
1136 3477 1164 3525 ‘I

106 3545 443 3605 exciperet—neminem
459 3550 617 3597 oratorem:
667 3542 754 3591 would
769 3543 822 3591 like
838 3551 865 3592 to
884 3543 977 3593 induce
989 3559 1039 3591 one
1052 3543 1080 3591 oi
1097 3544 1165 3609 you!

105 3610 235 3675 possibly
246 3611 356 3659 another
371 3610 487 3659 instance
499 3609 529 3657 of
546 3626 618 3657 nemo
667 3609 733 3657 This
753 3610 928 3675 employment
949 3610 978 3658 oi
1002 3610 1046 3659 the
1066 3610 1166 3673 perfect

104 3678 160 3726 for
189 3679 285 3734 nullus,
310 3693 339 3726 as
365 3678 391 3725 in
418 3691 455 3725 12.
484 3676 618 3741 5.2-ira·
667 3676 771 3739 passive
794 3677 928 3740 participle
951 3677 973 3726 is
993 3691 1116 3726 common
1138 3677 1165 3725 in

105 3744 178 3804 tris,
202 3744 260 3793 tui:
290 3745 327 3793 M.
349 3744 469 3807 Aquilius
494 3743 617 3806 Regulus
669 3742 769 3800 Cicer0,
781 3742 829 3792 but
844 3758 934 3792 occurs
946 3744 972 3791 in
985 3744 1092 3793 Tacitus
1105 3745 1166 3808 only

105 3826 170 3860 one
185 3810 215 3859 oi
231 3810 276 3859 the
293 3818 370 3859 worst
389 3810 417 3858 oi
436 3810 480 3858 the
497 3811 618 3858 delatores
668 3809 930 3859 here-scrutetur
948 3824 981 3858 ac
999 3811 1109 3869 reddat,
1125 3827 1166 3859 ex-

104 3876 202 3931 under
220 3878 300 3937 Nero,
313 3876 364 3926 and
382 3877 447 3925 later
465 3875 547 3925 under
566 3877 617 3924 Do·
668 3878 755 3925 amine
771 3878 827 3925 and
841 3877 1165 3943 repert-plerumque:
