2784 4350
83 386 129 429 -14,
145 381 167 443 1]

363 379 552 428 DIALOGVS
578 379 628 426 DE
653 376 897 426 ORATORIBVS.

84 548 252 610 tudinibus
270 557 303 610 et
322 547 410 610 curis
427 555 460 609 et
478 545 680 610 necessitate
705 544 843 608 cottidie
865 542 989 625 aliquid
1011 551 1128 605 contra

85 655 229 718 animum
246 654 392 717 faciendi
409 654 442 716 in
461 654 516 716 illa
532 674 626 716 sacra
643 653 784 734 illosque
800 651 913 713 fontes
929 651 1050 724 ferant,
1065 669 1128 712 nec

84 764 235 826 insanum
257 762 344 824 ultra
361 771 394 823 et
411 761 575 824 lubricum
599 761 710 823 forum
734 760 923 841 famamque
947 757 1128 839 pallentem

83 870 230 952 trepidus
251 869 409 950 experiar.
461 870 537 931 Non
563 889 616 931 me
640 867 796 930 fremitus
821 865 1038 929 salutantium
1063 884 1126 926 nec
1161 883 1175 932 7

83 977 240 1040 anhelans
258 977 398 1039 libertus
417 977 550 1050 excitet,
569 996 631 1038 nec
652 975 801 1038 incertus
821 973 927 1037 futuri
949 981 1128 1035 testamen-

83 1097 151 1148 tum
169 1105 228 1166 pro
245 1085 386 1166 pignore
404 1085 556 1158 scribam,
576 1105 638 1147 nec
657 1084 731 1165 plus
754 1083 895 1145 habeam
918 1102 1017 1163 quam
1040 1080 1128 1161 quod

83 1193 206 1274 possim
224 1193 277 1256 cui
293 1193 393 1255 velim
411 1193 597 1275 relinquere
611 1193 810 1274 quandoque
823 1189 935 1252 fatalis
949 1209 1043 1250 meus
1056 1187 1128 1250 dies

83 1301 217 1377 veniet;
250 1310 444 1383 statuarque
468 1300 597 1363 tumulo
623 1320 689 1361 non
715 1307 863 1360 maestus
889 1306 922 1359 et
947 1306 1050 1368 atrox,
1070 1295 1129 1357 sed
1163 1309 1178 1358 8

84 1409 196 1471 hilaris
214 1418 247 1471 et
268 1418 456 1483 coronatus,
476 1417 510 1469 et
533 1428 592 1489 pro
617 1407 776 1469 memoria
800 1406 866 1468 mei
891 1425 952 1467 nec
977 1403 1128 1467 consulat

82 1517 255 1599 quisquam
273 1537 334 1579 nec
353 1516 469 1598 roget'

128 1625 273 1687 Vixdum
291 1625 421 1686 finierat
445 1625 629 1698 Maternus
645 1623 833 1687 concitatus
851 1632 884 1684 et
901 1621 993 1683 velut
1013 1621 1129 1682 instin-
1143 1617 1180 1680 lt

82 1743 166 1808 ctuS,
187 1753 262 1795 cum
280 1732 465 1813 Vipstanus
485 1731 643 1794 Messalla
660 1731 850 1793 cubiculum
869 1729 940 1791 eius
957 1729 1129 1810 ingressus

77 1953 218 1988 -sacraz
240 1940 301 1988 here
322 1940 473 2004 apparently
490 1939 516 1987 in
536 1939 580 1988 the

78 2023 155 2056 sense
174 2007 202 2054 of
219 2007 309 2054 sacred
324 2013 388 2068 spots
396 2022 407 2062 ,·
426 2005 458 2053 cl.
471 2007 542 2053 Anu.
559 2006 579 2053 I.

78 2088 111 2136 79
124 2074 171 2136 qui
181 2089 253 2120 sacra
266 2079 290 2120 et
299 2074 369 2120 lucos
380 2080 404 2120 et
413 2088 475 2120 aras
483 2073 581 2133 patriis

77 2141 199 2189 amnibus
227 2140 376 2188 dicaverint.
389 2151 503 2187 —necz
533 2137 581 2187 fre·

78 2214 158 2271 quent
170 2207 196 2255 in
209 2208 418 2269 post-Augustan
429 2206 527 2254 writers
538 2205 581 2253 for

78 2274 341 2322 neae—insanum
375 2280 403 2321 et
437 2272 579 2321 lubricum

77 2342 190 2389 forum:
219 2340 251 2387 cf.
272 2339 348 2401 Verg.
371 2341 457 2401 Georg.
478 2339 513 2386 ll.
534 2352 577 2403 501

77 2408 218 2470 necferrea
231 2409 290 2454 iura
305 2407 477 2468 insanumque
486 2407 579 2469 forum

75 2481 125 2521 out
146 2475 240 2535 populi
267 2473 398 2520 tabularia
422 2474 493 2520 vidit.
539 2472 581 2521 lu-

76 2540 190 2589 bricum
213 2539 293 2588 refers
319 2547 347 2587 to
372 2539 416 2587 the
440 2538 581 2587 uncertain-

74 2607 126 2655 ties
139 2605 168 2653 of
182 2606 296 2654 forensic
310 2621 421 2654 success.
430 2606 580 2653 —famam

74 2672 249 2736 pallentem:
268 2674 304 2719 ie.
324 2672 393 2720 fame
416 2672 473 2720 that
491 2671 581 2719 makes

72 2741 109 2789 its
126 2738 256 2787 followers
275 2739 347 2801 pale;
371 2738 403 2787 cf.
423 2738 488 2785 Hor.
510 2740 580 2795 Odes,

74 2808 95 2854 l.
111 2819 134 2865 4.
152 2819 181 2869 13
189 2807 290 2867 pallida
304 2821 379 2853 mors.

109 2887 134 2934 7.
160 2886 218 2920 non
241 2886 295 2929 me,
322 2879 365 2919 not
387 2888 427 2920 mc
449 2887 509 2936 may
529 2872 580 2928 the,

72 2939 321 2987 ete-anhelans
347 2939 482 2987 libertus:
506 2938 580 3001 prob

71 3005 137 3068 ably
151 3020 224 3053 some
241 3005 358 3067 imperial
375 3004 509 3054 freedman
522 3012 580 3053 sent

70 3074 99 3119 in
127 3071 202 3119 haste
225 3087 260 3119 on
284 3072 428 3135 important
452 3071 579 3121 business.

71 3138 246 3187 -incertus
272 3139 368 3197 futuri,
387 3146 451 3187 ete:
476 3145 549 3203 ‘may
567 3139 580 3185 Ι

70 3220 156 3253 never
174 3204 206 3252 be
224 3204 368 3267 compelled
393 3213 420 3253 to
442 3206 519 3254 make
537 3205 582 3253 the

71 3273 206 3333 Emperor
220 3271 350 3328 aco-heir,
366 3287 395 3321 as
409 3288 425 3321 a
442 3280 582 3335 guarantee

71 3338 134 3386 that
153 3352 196 3401 my
211 3338 260 3385 will
280 3338 346 3387 shall
366 3346 413 3387 not
431 3339 464 3388 be
481 3339 581 3388 broken

70 3402 129 3451 and
168 3404 212 3452 the
247 3414 371 3471 property
407 3404 582 3454 confiscated!

72 3469 170 3519 Under
180 3471 251 3520 Nero
263 3471 315 3519 and
330 3472 465 3520 Domitian
475 3473 519 3521 the
529 3487 583 3536 pre·

70 3537 183 3585 caution
197 3538 310 3587 referred
330 3547 357 3587 to
371 3555 423 3588 was
435 3538 501 3587 both
515 3554 583 3587 com·

69 3619 138 3652 mon
147 3603 200 3652 and
210 3620 357 3670 necessary;
370 3605 403 3654 cl.
410 3606 474 3668 Agr.
482 3620 514 3670 43
521 3607 584 3653 satis

68 3672 207 3720 constabat
216 3672 276 3720 lecto
287 3678 433 3720 testamento
442 3674 582 3734 Agricolae,

68 3756 125 3802 qno
151 3739 295 3787 coheredem
325 3740 433 3799 optimae
461 3740 541 3787 uxori
561 3745 586 3786 et

69 3806 216 3868 piissimae
228 3804 305 3867 filiae
323 3806 503 3853 Domitianum
524 3806 584 3853 scri-

70 3874 143 3937 psit,
172 3871 294 3919 laetatum
321 3887 378 3920 eum
400 3872 470 3918 velut
491 3872 585 3919 honore

631 1939 779 2001 iudicioque.
821 1938 882 1986 Tam
895 1954 966 1986 caeca
976 1943 1001 1984 et
1010 1943 1129 1997 corrupta

632 2021 702 2052 mens
727 2006 843 2052 adsiduis
865 2004 1053 2051 adulationibus
1076 2009 1132 2049 erat
1153 2048 1155 2051 .

632 2079 661 2119 ut
672 2073 778 2118 nesciret
792 2087 809 2118 a
827 2072 888 2119 bono
899 2077 976 2131 patre
992 2085 1043 2117 non
1055 2069 1132 2116 scribi

631 2138 745 2186 heredem
759 2139 813 2185 nisi
828 2138 927 2185 molum
940 2137 1131 2199 principem.-

618 2260 619 2263 ,
631 2205 813 2268 quandoque,
836 2204 976 2252 whenever.
988 2230 1022 2237 —
1034 2202 1130 2252 fatalis

632 2285 716 2320 meus
734 2271 806 2329 dies,
825 2287 868 2333 my
885 2270 999 2318 destined
1013 2270 1070 2332 day,
1087 2285 1131 2330 my

630 2338 704 2401 final
724 2354 863 2385 summons.
900 2336 941 2384 Cf.
966 2336 996 2385 C.
1019 2336 1039 2383 1.
1061 2336 1090 2384 L.
1109 2336 1129 2382 I.

635 2418 697 2467 1009
710 2405 862 2466 properavit
876 2404 939 2451 horo
951 2404 1033 2451 tristis
1037 2403 1132 2466 fatalis
1189 2444 1192 2451 .

632 2488 695 2519 meo.

665 2540 689 2585 8.
714 2545 839 2586 statuar:
860 2539 897 2585 ic.
910 2552 970 2602 may
986 2552 1029 2601 my
1045 2543 1132 2584 statue

632 2604 664 2652 be
682 2603 787 2667 placed,
812 2604 845 2651 cf.
861 2604 922 2660 Cic,
934 2611 985 2665 pro
1001 2603 1081 2650 Arch.
1100 2615 1130 2649 22

633 2672 661 2718 in
681 2672 795 2732 sepulcro
814 2672 962 2732 Scipionum
979 2676 1091 2731 putatur
1109 2670 1132 2716 is

634 2739 760 2799 (Ennius)
780 2754 830 2785 esse
848 2739 996 2785 constitutus
1015 2753 1047 2784 ex
1065 2752 1133 2783 mar·

633 2804 883 2852 more—tumulo:
907 2805 944 2851 ie.
963 2805 992 2850 in
1013 2803 1132 2859 tumulo,·

634 2871 678 2919 Gr.
689 2884 745 2931 207,
755 2878 988 2934 3.—cor0natus:
1006 2884 1041 2917 sc.
1049 2871 1132 2925 lauro,

633 2952 662 2986 as
682 2953 699 2985 a
718 2936 986 2999 poet—consulat:
1009 2951 1044 2984 sc.
1064 2952 1133 2983 seno-

633 3012 838 3067 nen—roget:
857 3019 891 3052 sc.
896 3004 1050 3065 principem.
1075 3001 1132 3049 The

633 3070 771 3128 reference,
780 3071 939 3134 apparently,
947 3070 968 3118 is
978 3076 1006 3117 to
1014 3069 1058 3118 the
1067 3083 1133 3117 erec·

633 3138 688 3200 tion
710 3138 739 3186 of
765 3153 782 3185 a
801 3145 887 3186 statue
907 3137 933 3184 in
954 3151 1027 3185 some
1046 3134 1133 3197 public

633 3206 714 3268 place,
735 3221 764 3254 as
787 3203 906 3268 opposed
930 3210 958 3251 to
981 3218 998 3251 a
1019 3202 1081 3250 bust
1103 3216 1134 3249 or

633 3279 720 3321 statue
734 3288 769 3320 on
787 3272 832 3319 the
850 3270 931 3320 tomb.
965 3270 1031 3319 This
1048 3269 1134 3316 honor

633 3354 685 3387 was
699 3337 846 3402 dependent
860 3354 930 3401 upon
943 3336 1035 3386 official
1047 3335 1133 3384 action

634 3405 662 3453 ol
674 3405 718 3454 the
732 3406 828 3453 Senate
840 3421 870 3454 or
883 3405 1017 3468 Emperor.

667 3470 712 3527 14.
737 3472 865 3521 finierat:
888 3471 931 3519 for
948 3471 1001 3519 this
1017 3468 1134 3518 intransi-

634 3538 686 3587 tive
699 3554 746 3587 use
757 3538 789 3587 cf.
798 3552 837 3599 42.
851 3552 861 3585 1
867 3538 980 3601 finierat
989 3538 1133 3585 Maternus.

633 3605 842 3655 —instinctusz
865 3619 901 3653 sc.
919 3606 1007 3653 divino
1020 3604 1114 3665 spiritu
1122 3617 1134 3658 ,·

634 3672 666 3720 cl.
692 3671 782 3732 Quint.
807 3672 872 3719 XII.
898 3685 935 3719 ιο.
956 3684 987 3730 24
1007 3670 1134 3717 instinctis

634 3740 723 3787 diuino
741 3740 836 3800 spiritu
856 3738 962 3785 vatim.
974 3737 1134 3799 -Vipsta·

635 3818 690 3853 nus
710 3804 865 3854 Messalla:
889 3804 922 3851 he
934 3800 987 3851 had
1001 3801 1094 3851 served
1105 3816 1134 3849 as

635 3871 747 3937 military
771 3870 873 3919 tribune
897 3869 924 3918 in
952 3869 997 3918 the
1018 3868 1134 3931 struggle
