2784 4350
540 359 567 405 P.
589 358 769 406 CORNELII
794 358 922 407 TACITI

1215 356 1258 417 [aa
1271 360 1295 402 ⁶-

207 547 219 595 7
257 547 338 589 usus
362 524 573 608 eloquentiae
601 527 747 601 accedat,
774 546 833 607 per
856 546 941 607 quae
966 526 1134 608 colligitur
1161 528 1295 590 eandem

256 654 331 697 esse
347 634 510 697 rationem
525 643 558 696 et
572 634 778 716 percipiendi
794 654 879 716 quae
894 634 1045 715 proferas
1059 643 1092 696 et
1110 634 1296 715 proferendi

206 750 221 798 8
257 763 341 824 quae
365 742 563 824 perceperis.
615 742 682 806 Sed
700 742 729 805 si
749 743 803 805 cui
823 742 1014 806 obscuriora
1036 743 1118 805 haec
1134 742 1295 818 videntur,

256 850 350 932 isque
382 850 556 913 scientiam
589 851 630 913 ab
663 850 902 914 exercitatione
934 860 1076 932 separat,
1102 850 1184 913 illud
1211 860 1297 914 certe

257 959 427 1034 concedet,
454 958 656 1022 instructum
682 968 719 1021 et
749 959 885 1040 plenum
916 959 979 1048 his¹
997 959 1125 1022 artibus
1153 957 1297 1022 animum

256 1067 355 1149 longe
370 1066 570 1147 paratiorem
591 1068 632 1130 ad
652 1087 709 1130 eas
734 1066 991 1131 exercitationes
1008 1076 1196 1142 venturum,
1217 1088 1298 1149 quae

256 1176 408 1257 propriae
426 1195 500 1237 esse
517 1183 685 1237 oratorum
702 1176 866 1239 videntur.

207 1282 245 1345 34
303 1285 393 1365 Ergo
413 1284 500 1363 apud
523 1283 665 1346 maiores
691 1292 824 1346 nostros
850 1283 979 1347 iuvenis
1004 1283 1059 1346 ille
1087 1283 1145 1365 qui
1168 1283 1243 1346 foro
1267 1293 1296 1345 ct

256 1391 466 1473 eloquentiae
479 1391 666 1472 parabatur,
680 1391 828 1454 imbutus
839 1391 903 1454 iam
916 1391 1101 1454 domestica
1113 1391 1295 1472 disciplina,

255 1500 398 1562 refertus
415 1499 567 1562 honestis
585 1499 715 1573 studiis
735 1500 962 1563 deducebatur
978 1520 997 1561 a
1013 1507 1107 1580 patre
1124 1498 1177 1560 vel
1194 1520 1215 1561 a
1231 1520 1298 1580 pro·

255 1607 387 1688 pinquis
421 1607 462 1668 ad
491 1627 567 1669 eum
600 1617 766 1669 oratorem
795 1607 853 1690 qui
884 1607 1068 1688 principem
1100 1607 1134 1669 in
1164 1606 1298 1670 civitate

206 1736 220 1770 2
255 1715 363 1777 locum
389 1715 574 1779 obtinebat.
625 1716 727 1778 Hunc
753 1715 882 1791 sectari,
902 1716 991 1778 hunc
1016 1716 1182 1797 prosequi,
1201 1716 1298 1778 huius

201 1872 203 1878 .
255 1822 409 1886 omnibus
434 1822 638 1887 dictionibus
663 1823 828 1886 interesse
854 1823 923 1886 sive
949 1824 984 1886 in
1010 1823 1139 1887 iudiciis
1169 1824 1241 1886 sive
1267 1824 1298 1886 in

255 1931 468 1995 contionibus
484 1933 714 2006 adsuescebat‚
730 1931 776 1994 ita
793 1940 829 1995 ut
846 1932 1081 1995 altercationes
1098 1952 1233 2015 quoque
1251 1953 1300 1995 ex-

254 2040 380 2121 ciperet
398 2049 430 2102 et
448 2039 564 2121 iurgiis
581 2040 771 2116 interesset,
790 2051 894 2123 utque
919 2041 967 2104 sic
983 2040 1131 2115 dixerim,
1151 2060 1300 2123 pugnare

205 2172 219 2223 3
255 2149 288 2212 in
321 2148 447 2230 proelio
479 2148 633 2213 disceret.
693 2150 839 2232 Magnus
871 2170 911 2214 ex
943 2150 1006 2214 hoc
1038 2169 1129 2224 usus,
1157 2148 1299 2212 multum

253 2257 472 2333 constantiae,
488 2258 667 2339 plurimum
684 2259 798 2322 iudicii
810 2259 987 2323 iuvenibus
1000 2259 1114 2322 statim
1128 2257 1300 2340 continge-

253 2369 309 2431 bat
335 2367 369 2429 in
394 2366 504 2429 media
524 2366 599 2429 luce
621 2367 836 2430 studentibus
855 2377 956 2448 atque
980 2365 1068 2429 inter
1091 2366 1166 2447 ipsa
1188 2365 1300 2429 discri-

254 2475 352 2550 mina,
368 2475 425 2537 ubi
442 2495 541 2537 nemo
554 2475 689 2556 impune
708 2475 810 2537 stulte
823 2474 946 2556 aliquid
963 2483 1019 2536 aut
1037 2473 1203 2537 contrarie
1219 2474 1300 2536 dicit

248 2675 336 2722 genus,
360 2660 413 2706 nisi
429 2665 459 2706 ut
479 2675 564 2706 omnes
585 2659 676 2721 species
693 2665 751 2720 pre

253 2733 421 2783 meantum
449 2725 523 2789 Pliny
539 2726 590 2786 Ep.
610 2725 646 2772 II.
668 2725 751 2773 1216

253 2809 331 2856 neque
353 2794 420 2840 enim
444 2793 496 2838 iam
518 2792 637 2839 incohari
651 2798 753 2853 poterat

251 2861 321 2915 acii'o,
335 2860 387 2905 nisi
398 2865 427 2905 ut
438 2860 517 2906 noctis
527 2860 671 2907 interventu
688 2860 752 2905 scin·

252 2927 355 2973 deretur
363 2939 374 2981 ,·
393 2924 464 2972 Suet.
480 2926 569 2973 Claud
583 2936 622 2988 35.

285 2995 310 3039 8.
334 3005 408 3054 quae
431 2991 574 3050 videntur,
598 2991 682 3039 wliicli
706 3007 752 3039 are

251 3074 314 3105 seen.

284 3121 330 3180 34.
356 3138 433 3187 ergo,
460 3126 629 3187 accordingly,
655 3126 694 3172 ie.
724 3125 751 3172 in

251 3188 410 3239 accordance
431 3191 491 3238 with
516 3191 562 3238 the
581 3191 697 3254 promise
717 3192 750 3239 al-

251 3256 330 3321 ready
340 3257 415 3305 made
428 3256 519 3313 above,
528 3265 669 3320 persequar
681 3275 751 3306 nunc

251 3324 482 3371 exercitationes-
489 3324 695 3373 deducebatur:
706 3325 750 3372 the

251 3390 353 3452 regular
364 3388 436 3437 word
448 3396 476 3438 to
488 3389 603 3439 indicate
615 3390 660 3438 the
673 3391 750 3438 intro-

251 3454 358 3503 duction
373 3456 403 3504 of
422 3471 439 3504 a
458 3472 547 3521 young
569 3459 673 3505 Roman
693 3457 749 3504 into

250 3523 334 3570 active
345 3522 458 3572 lite—a
471 3524 640 3587 propinquis
651 3541 657 3570 ε
675 3525 713 3570 ie,
723 3523 748 3570 in

250 3603 310 3637 case
322 3588 367 3637 the
378 3588 465 3638 father
482 3605 534 3639 was
552 3588 657 3652 already
674 3588 749 3638 dead.

283 3668 308 3702 2.
332 3657 409 3704 hunc
422 3657 535 3714 sectari,
546 3664 605 3704 etc:
623 3655 656 3703 cf.
667 3669 688 3702 2.
699 3669 712 3702 2
722 3655 750 3702 ff.

250 3722 431 3770 —omnibus
460 3723 643 3780 dictionibus,
667 3738 751 3783 every·

251 3787 675 3849 thinghesaid-altercationes
687 3805 693 3836 ε
706 3789 750 3837 the

251 3853 381 3903 altercatio
391 3869 444 3904 was
458 3854 576 3920 opposed
592 3862 620 3904 to
637 3855 681 3905 the
696 3872 750 3905 con·

802 2660 876 2706 tinua
911 2673 941 2706 or
962 2664 1087 2720 perpetua
1115 2659 1216 2715 oratio,·
1257 2657 1302 2706 the

801 2725 899 2773 tormer
910 2723 1042 2772 consisted
1057 2723 1085 2772 oi
1101 2723 1237 2787 questions
1249 2723 1302 2772 and

802 2806 922 2847 answers,
931 2790 1058 2839 thelatter
1066 2788 1175 2838 allowed
1183 2791 1302 2839 nointer·

802 2858 928 2920 ruptions.
963 2857 1006 2904 An
1017 2857 1146 2904 altercatio
1153 2857 1239 2920 might
1248 2865 1303 2906 nat·

802 2924 883 2989 urally
900 2923 1007 2972 become
1025 2938 1055 2971 so
1073 2922 1168 2971 heated
1185 2923 1212 2971 in
1230 2923 1303 2973 char·

802 2998 871 3039 aeter
882 3005 912 3038 as
930 2997 958 3039 to
975 2989 1130 3052 degenerata
1147 2989 1203 3038 into
1216 3007 1303 3038 wran-

798 3059 875 3120 gling
885 3057 1030 3120 (iurgium),
1044 3055 1127 3104 which
1141 3072 1193 3105 was
1208 3056 1303 3106 doubt·

801 3124 853 3172 less
865 3123 938 3172 often
951 3123 995 3172 the
1011 3131 1144 3172 case-ut
1163 3123 1206 3171 sic
1223 3125 1304 3172 dixe-

801 3190 866 3238 rim:
887 3190 931 3239 the
944 3205 990 3239 use
1002 3190 1031 3239 of
1042 3190 1090 3239 the
1101 3189 1201 3254 perfect
1213 3190 1241 3238 in
1258 3190 1303 3238 the

800 3273 877 3306 sense
894 3257 922 3305 ol
945 3256 989 3306 the
1009 3265 1115 3321 present
1139 3257 1161 3306 is
1179 3256 1305 3306 confined

801 3324 957 3389 exclusively
980 3331 1008 3372 to
1037 3324 1162 3388 principal
1190 3324 1304 3378 clauses,

801 3397 891 3454 except
903 3391 929 3438 in
939 3390 992 3438 this
1003 3391 1104 3453 phrase,
1112 3389 1198 3439 which
1208 3406 1305 3440 occurs

800 3456 948 3521 repeatedly
969 3457 996 3505 in
1017 3453 1123 3506 Tacitus
1144 3457 1198 3506 and
1222 3458 1306 3518 Quin-

801 3523 879 3572 tilian.
916 3523 999 3572 Other
1021 3524 1119 3574 writers
1142 3540 1189 3573 use
1214 3533 1247 3572 ut
1270 3528 1305 3572 ito

801 3591 883 3638 dicam
896 3605 926 3638 or
938 3598 968 3638 ui
978 3593 1014 3639 ita
1025 3591 1147 3640 dixerim.

834 3671 859 3717 3.
883 3658 1072 3718 constantiae,
1085 3659 1307 3722 sels-reliana.-

802 3723 908 3781 iudicii,
917 3731 972 3772 tact.
981 3753 1014 3761 -
1022 3724 1050 3773 in
1060 3725 1155 3774 media
1163 3725 1232 3774 luce
1244 3743 1251 3773 :
1268 3728 1306 3773 ic.

802 3790 827 3838 in
846 3790 889 3838 the
907 3807 976 3856 open
994 3791 1088 3841 forum.
1099 3819 1134 3829 -
1145 3793 1196 3842 ubi
1214 3805 1307 3842 nemo

802 3857 919 3922 impune
952 3858 1029 3922 dicit,
1061 3865 1118 3920 etc,
1148 3860 1238 3912 where
1275 3874 1309 3912 m
