<?xml version="1.0" encoding="UTF-8"?>
<!DOCTYPE html PUBLIC "-//W3C//DTD XHTML 1.0 Transitional//EN"
    "http://www.w3.org/TR/xhtml1/DTD/xhtml1-transitional.dtd">
<html xmlns="http://www.w3.org/1999/xhtml" xml:lang="en" lang="en">
 <head>
  <title>
</title>
<meta http-equiv="Content-Type" content="text/html;charset=utf-8" />
  <meta name='ocr-system' content='tesseract 3.04.00' />
  <meta name='ocr-capabilities' content='ocr_page ocr_carea ocr_par ocr_line ocrx_word'/>
</head>
<body>
  <div class='ocr_page' id='page_1' title='image "./dialogvsdeorato02benngoog_0103.png"; bbox 0 0 2784 4350; ppageno 0'>
   <div class='ocr_carea' id='block_1_1' title="bbox 98 376 1191 439">
    <p class='ocr_par' dir='ltr' id='par_1_1' title="bbox 98 376 1191 439">
     <span class='ocr_line' id='line_1_1' title="bbox 98 376 1191 439; baseline -0.005 -6"><span class='ocrx_word' id='word_1_1' title='bbox 98 388 147 433; x_wconf 74' lang='lat' dir='ltr'><strong>-ta</strong></span> <span class='ocrx_word' id='word_1_2' title='bbox 162 379 186 439; x_wconf 84' lang='lat'><strong>3]</strong></span> <span class='ocrx_word' id='word_1_3' title='bbox 382 377 572 428; x_wconf 82' lang='lat' dir='ltr'>DIALOGVS</span> <span class='ocrx_word' id='word_1_4' title='bbox 596 378 648 427; x_wconf 90' lang='lat' dir='ltr'><strong>DE</strong></span> <span class='ocrx_word' id='word_1_5' title='bbox 672 376 917 428; x_wconf 82' lang='lat' dir='ltr'>ORATORIBVS.</span> <span class='ocrx_word' id='word_1_6' title='bbox 1162 377 1191 429; x_wconf 87' lang='lat'><strong>71</strong></span> 
     </span>
    </p>
   </div>
   <div class='ocr_carea' id='block_1_2' title="bbox 97 545 1194 2149">
    <p class='ocr_par' dir='ltr' id='par_1_2' title="bbox 99 545 1140 739">
     <span class='ocr_line' id='line_1_2' title="bbox 99 545 1140 630; baseline -0.005 -18"><span class='ocrx_word' id='word_1_7' title='bbox 99 547 271 628; x_wconf 88' lang='lat' dir='ltr'><strong>bominum</strong></span> <span class='ocrx_word' id='word_1_8' title='bbox 295 545 376 630; x_wconf 88' lang='lat' dir='ltr'><strong>agit,</strong></span> <span class='ocrx_word' id='word_1_9' title='bbox 394 566 534 629; x_wconf 91' lang='lat' dir='ltr'><strong>quorum</strong></span> <span class='ocrx_word' id='word_1_10' title='bbox 559 564 599 609; x_wconf 91' lang='lat' dir='ltr'><strong>ea</strong></span> <span class='ocrx_word' id='word_1_11' title='bbox 618 552 738 608; x_wconf 90' lang='lat' dir='ltr'><strong>natura</strong></span> <span class='ocrx_word' id='word_1_12' title='bbox 762 552 813 607; x_wconf 90' lang='lat' dir='ltr'><strong>est</strong></span> <span class='ocrx_word' id='word_1_13' title='bbox 838 552 875 607; x_wconf 93' lang='lat' dir='ltr'><strong>ut</strong></span> <span class='ocrx_word' id='word_1_14' title='bbox 894 564 1011 608; x_wconf 86' lang='lat' dir='ltr'><strong>secura</strong></span> <span class='ocrx_word' id='word_1_15' title='bbox 1026 545 1140 621; x_wconf 90' lang='lat' dir='ltr'><strong>velint,</strong></span> 
     </span>
     <span class='ocr_line' id='line_1_3' title="bbox 99 654 480 739; baseline -0.008 -20"><span class='ocrx_word' id='word_1_16' title='bbox 99 655 286 739; x_wconf 91' lang='lat' dir='ltr'><strong>periculosa</strong></span> <span class='ocrx_word' id='word_1_17' title='bbox 309 654 480 718; x_wconf 86' lang='lat' dir='ltr'><strong>extollant.</strong></span> 
     </span>
    </p>

    <p class='ocr_par' dir='ltr' id='par_1_3' title="bbox 97 760 1194 2149">
     <span class='ocr_line' id='line_1_4' title="bbox 143 760 1192 841; baseline -0.002 -14"><span class='ocrx_word' id='word_1_18' title='bbox 143 765 296 827; x_wconf 88' lang='lat' dir='ltr'>Transeo</span> <span class='ocrx_word' id='word_1_19' title='bbox 316 763 358 827; x_wconf 92' lang='lat' dir='ltr'><strong>ad</strong></span> <span class='ocrx_word' id='word_1_20' title='bbox 377 762 519 841; x_wconf 87' lang='lat' dir='ltr'><strong>formam</strong></span> <span class='ocrx_word' id='word_1_21' title='bbox 541 771 576 825; x_wconf 95' lang='lat' dir='ltr'><strong>et</strong></span> <span class='ocrx_word' id='word_1_22' title='bbox 598 760 877 826; x_wconf 88' lang='lat' dir='ltr'><strong>consuetudinem</strong></span> <span class='ocrx_word' id='word_1_23' title='bbox 894 771 1045 826; x_wconf 91' lang='lat' dir='ltr'><strong>veterum</strong></span> <span class='ocrx_word' id='word_1_24' title='bbox 1063 761 1142 827; x_wconf 93' lang='lat' dir='ltr'><strong>iudi·</strong></span> <span class='ocrx_word' id='word_1_25' title='bbox 1155 770 1192 835; x_wconf 86' lang='lat'><strong>38</strong></span> 
     </span>
     <span class='ocr_line' id='line_1_5' title="bbox 99 870 1143 956; baseline -0.002 -19"><span class='ocrx_word' id='word_1_26' title='bbox 99 873 235 938; x_wconf 90' lang='lat' dir='ltr'><strong>ciorum.</strong></span> <span class='ocrx_word' id='word_1_27' title='bbox 290 873 387 956; x_wconf 84' lang='lat' dir='ltr'><strong>Quae</strong></span> <span class='ocrx_word' id='word_1_28' title='bbox 414 871 481 936; x_wconf 91' lang='lat' dir='ltr'><strong>etsi</strong></span> <span class='ocrx_word' id='word_1_29' title='bbox 508 891 598 935; x_wconf 91' lang='lat' dir='ltr'><strong>nunc</strong></span> <span class='ocrx_word' id='word_1_30' title='bbox 625 870 735 953; x_wconf 91' lang='lat' dir='ltr'><strong>aptior</strong></span> <span class='ocrx_word' id='word_1_31' title='bbox 759 871 900 948; x_wconf 84' lang='lat' dir='ltr'><strong>exsistit,</strong></span> <span class='ocrx_word' id='word_1_32' title='bbox 919 872 1143 955; x_wconf 84' lang='lat' dir='ltr'><strong>eloquentiam</strong></span> 
     </span>
     <span class='ocr_line' id='line_1_6' title="bbox 98 981 1145 1065; baseline -0.003 -17"><span class='ocrx_word' id='word_1_33' title='bbox 98 994 212 1048; x_wconf 93' lang='lat' dir='ltr'><strong>tamen</strong></span> <span class='ocrx_word' id='word_1_34' title='bbox 234 983 315 1046; x_wconf 91' lang='lat' dir='ltr'><strong>illud</strong></span> <span class='ocrx_word' id='word_1_35' title='bbox 334 983 444 1046; x_wconf 81' lang='lat' dir='ltr'><strong>forum</strong></span> <span class='ocrx_word' id='word_1_36' title='bbox 469 981 577 1065; x_wconf 88' lang='lat' dir='ltr'><strong>magis</strong></span> <span class='ocrx_word' id='word_1_37' title='bbox 602 983 787 1059; x_wconf 91' lang='lat' dir='ltr'><strong>exercebat,</strong></span> <span class='ocrx_word' id='word_1_38' title='bbox 806 982 923 1065; x_wconf 94' lang='lat' dir='ltr'><strong>inquo</strong></span> <span class='ocrx_word' id='word_1_39' title='bbox 940 1002 1039 1046; x_wconf 89' lang='lat' dir='ltr'><strong>nemo</strong></span> <span class='ocrx_word' id='word_1_40' title='bbox 1057 982 1145 1045; x_wconf 90' lang='lat' dir='ltr'><strong>intra</strong></span> 
     </span>
     <span class='ocr_line' id='line_1_7' title="bbox 98 1092 1144 1177; baseline -0.003 -20"><span class='ocrx_word' id='word_1_41' title='bbox 98 1093 318 1177; x_wconf 91' lang='lat' dir='ltr'><strong>paucissimas</strong></span> <span class='ocrx_word' id='word_1_42' title='bbox 341 1094 439 1157; x_wconf 89' lang='lat' dir='ltr'><strong>horas</strong></span> <span class='ocrx_word' id='word_1_43' title='bbox 464 1113 618 1175; x_wconf 88' lang='lat' dir='ltr'><strong>perorare</strong></span> <span class='ocrx_word' id='word_1_44' title='bbox 645 1094 829 1176; x_wconf 88' lang='lat' dir='ltr'><strong>cogebatur</strong></span> <span class='ocrx_word' id='word_1_45' title='bbox 852 1101 887 1155; x_wconf 94' lang='lat' dir='ltr'><strong>et</strong></span> <span class='ocrx_word' id='word_1_46' title='bbox 911 1092 1034 1156; x_wconf 89' lang='lat' dir='ltr'><strong>liberae</strong></span> <span class='ocrx_word' id='word_1_47' title='bbox 1058 1112 1144 1156; x_wconf 92' lang='lat' dir='ltr'><strong>com-</strong></span> 
     </span>
     <span class='ocr_line' id='line_1_8' title="bbox 98 1199 1144 1285; baseline -0.004 -19"><span class='ocrx_word' id='word_1_48' title='bbox 98 1201 394 1285; x_wconf 89' lang='lat' dir='ltr'><strong>perendinationes</strong></span> <span class='ocrx_word' id='word_1_49' title='bbox 411 1211 507 1265; x_wconf 91' lang='lat' dir='ltr'><strong>erant</strong></span> <span class='ocrx_word' id='word_1_50' title='bbox 520 1210 554 1265; x_wconf 95' lang='lat' dir='ltr'><strong>et</strong></span> <span class='ocrx_word' id='word_1_51' title='bbox 571 1203 707 1266; x_wconf 91' lang='lat' dir='ltr'><strong>modum</strong></span> <span class='ocrx_word' id='word_1_52' title='bbox 720 1201 754 1265; x_wconf 92' lang='lat' dir='ltr'><strong>in</strong></span> <span class='ocrx_word' id='word_1_53' title='bbox 767 1200 909 1265; x_wconf 91' lang='lat' dir='ltr'><strong>dicendo</strong></span> <span class='ocrx_word' id='word_1_54' title='bbox 923 1199 986 1264; x_wconf 91' lang='lat' dir='ltr'><strong>sibi</strong></span> <span class='ocrx_word' id='word_1_55' title='bbox 1003 1200 1144 1283; x_wconf 90' lang='lat' dir='ltr'><strong>quisque</strong></span> 
     </span>
     <span class='ocr_line' id='line_1_9' title="bbox 99 1310 1143 1393; baseline -0.003 -19"><span class='ocrx_word' id='word_1_56' title='bbox 99 1312 254 1375; x_wconf 87' lang='lat' dir='ltr'><strong>sumebat</strong></span> <span class='ocrx_word' id='word_1_57' title='bbox 278 1320 313 1374; x_wconf 92' lang='lat' dir='ltr'><strong>et</strong></span> <span class='ocrx_word' id='word_1_58' title='bbox 337 1331 496 1373; x_wconf 92' lang='lat' dir='ltr'><strong>numerus</strong></span> <span class='ocrx_word' id='word_1_59' title='bbox 521 1331 630 1393; x_wconf 91' lang='lat' dir='ltr'><strong>neque</strong></span> <span class='ocrx_word' id='word_1_60' title='bbox 651 1310 782 1375; x_wconf 89' lang='lat' dir='ltr'><strong>dicrum</strong></span> <span class='ocrx_word' id='word_1_61' title='bbox 800 1330 908 1392; x_wconf 90' lang='lat' dir='ltr'><strong>neque</strong></span> <span class='ocrx_word' id='word_1_62' title='bbox 927 1319 1143 1391; x_wconf 88' lang='lat' dir='ltr'><strong>patronorum</strong></span> 
     </span>
     <span class='ocr_line' id='line_1_10' title="bbox 98 1417 1193 1507; baseline -0.001 -25"><span class='ocrx_word' id='word_1_63' title='bbox 98 1419 286 1488; x_wconf 89' lang='lat' dir='ltr'><strong>finiebatur.</strong></span> <span class='ocrx_word' id='word_1_64' title='bbox 330 1419 458 1483; x_wconf 90' lang='lat' dir='ltr'><strong>Primus</strong></span> <span class='ocrx_word' id='word_1_65' title='bbox 475 1420 557 1483; x_wconf 90' lang='lat' dir='ltr'><strong>haec</strong></span> <span class='ocrx_word' id='word_1_66' title='bbox 574 1418 675 1482; x_wconf 90' lang='lat' dir='ltr'><strong>tertio</strong></span> <span class='ocrx_word' id='word_1_67' title='bbox 692 1417 879 1507; x_wconf 84' lang='lat' dir='ltr'><strong>consulatu</strong></span> <span class='ocrx_word' id='word_1_68' title='bbox 887 1418 947 1481; x_wconf 89' lang='lat' dir='ltr'><strong>Cn.</strong></span> <span class='ocrx_word' id='word_1_69' title='bbox 967 1418 1143 1499; x_wconf 90' lang='lat' dir='ltr'><strong>Pompeius</strong></span> <span class='ocrx_word' id='word_1_70' title='bbox 1180 1446 1193 1481; x_wconf 88' lang='lat'><em>2</em></span> 
     </span>
     <span class='ocr_line' id='line_1_11' title="bbox 98 1525 1145 1609; baseline -0.004 -18"><span class='ocrx_word' id='word_1_71' title='bbox 98 1527 275 1591; x_wconf 86' lang='lat' dir='ltr'><strong>adstrinxit</strong></span> <span class='ocrx_word' id='word_1_72' title='bbox 309 1526 534 1609; x_wconf 89' lang='lat' dir='ltr'><strong>imposuitque</strong></span> <span class='ocrx_word' id='word_1_73' title='bbox 561 1526 667 1590; x_wconf 91' lang='lat' dir='ltr'><strong>veluti</strong></span> <span class='ocrx_word' id='word_1_74' title='bbox 697 1527 812 1589; x_wconf 84' lang='lat' dir='ltr'><strong>frenos</strong></span> <span class='ocrx_word' id='word_1_75' title='bbox 844 1526 1065 1608; x_wconf 84' lang='lat' dir='ltr'><strong>eloquentiae,</strong></span> <span class='ocrx_word' id='word_1_76' title='bbox 1098 1525 1145 1588; x_wconf 91' lang='lat' dir='ltr'><strong>ita</strong></span> 
     </span>
     <span class='ocr_line' id='line_1_12' title="bbox 97 1620 1144 1717; baseline -0.003 -18"><span class='ocrx_word' id='word_1_77' title='bbox 97 1645 213 1699; x_wconf 89' lang='lat' dir='ltr'><strong>tamen</strong></span> <span class='ocrx_word' id='word_1_78' title='bbox 237 1644 274 1698; x_wconf 92' lang='lat' dir='ltr'><strong>ut</strong></span> <span class='ocrx_word' id='word_1_79' title='bbox 300 1635 411 1699; x_wconf 86' lang='lat' dir='ltr'><strong>omnia</strong></span> <span class='ocrx_word' id='word_1_80' title='bbox 434 1635 469 1697; x_wconf 89' lang='lat' dir='ltr'><strong>in</strong></span> <span class='ocrx_word' id='word_1_81' title='bbox 493 1635 575 1711; x_wconf 82' lang='lat' dir='ltr'><strong>foro,</strong></span> <span class='ocrx_word' id='word_1_82' title='bbox 606 1634 718 1698; x_wconf 89' lang='lat' dir='ltr'><strong>omnia</strong></span> <span class='ocrx_word' id='word_1_83' title='bbox 745 1620 887 1717; x_wconf 87' lang='lat' dir='ltr'><strong>legibus,</strong></span> <span class='ocrx_word' id='word_1_84' title='bbox 917 1633 1029 1696; x_wconf 91' lang='lat' dir='ltr'><strong>omnia</strong></span> <span class='ocrx_word' id='word_1_85' title='bbox 1056 1634 1144 1716; x_wconf 93' lang='lat' dir='ltr'><strong>apud</strong></span> 
     </span>
     <span class='ocr_line' id='line_1_13' title="bbox 98 1741 1194 1827; baseline -0.001 -21"><span class='ocrx_word' id='word_1_86' title='bbox 98 1752 271 1827; x_wconf 91' lang='lat' dir='ltr'><strong>praetores</strong></span> <span class='ocrx_word' id='word_1_87' title='bbox 287 1752 484 1826; x_wconf 87' lang='lat' dir='ltr'><strong>gererentur</strong></span> <span class='ocrx_word' id='word_1_88' title='bbox 498 1764 506 1820; x_wconf 91' lang='lat'>;</span> <span class='ocrx_word' id='word_1_89' title='bbox 527 1743 615 1824; x_wconf 91' lang='lat' dir='ltr'><strong>apud</strong></span> <span class='ocrx_word' id='word_1_90' title='bbox 631 1763 716 1825; x_wconf 93' lang='lat' dir='ltr'><strong>quos</strong></span> <span class='ocrx_word' id='word_1_91' title='bbox 729 1752 854 1825; x_wconf 89' lang='lat' dir='ltr'><strong>quanto</strong></span> <span class='ocrx_word' id='word_1_92' title='bbox 871 1741 996 1805; x_wconf 89' lang='lat' dir='ltr'><strong>maiora</strong></span> <span class='ocrx_word' id='word_1_93' title='bbox 1009 1742 1145 1823; x_wconf 86' lang='lat' dir='ltr'><strong>negotia</strong></span> <span class='ocrx_word' id='word_1_94' title='bbox 1179 1763 1194 1814; x_wconf 84' lang='lat'>3</span> 
     </span>
     <span class='ocr_line' id='line_1_14' title="bbox 97 1836 1145 1933; baseline -0.002 -19"><span class='ocrx_word' id='word_1_95' title='bbox 97 1851 180 1915; x_wconf 93' lang='lat' dir='ltr'><strong>olim</strong></span> <span class='ocrx_word' id='word_1_96' title='bbox 203 1850 349 1915; x_wconf 88' lang='lat' dir='ltr'><strong>exerceri</strong></span> <span class='ocrx_word' id='word_1_97' title='bbox 373 1851 472 1915; x_wconf 90' lang='lat' dir='ltr'><strong>solita</strong></span> <span class='ocrx_word' id='word_1_98' title='bbox 495 1851 574 1927; x_wconf 91' lang='lat' dir='ltr'><strong>sint,</strong></span> <span class='ocrx_word' id='word_1_99' title='bbox 592 1852 682 1933; x_wconf 91' lang='lat' dir='ltr'><strong>quod</strong></span> <span class='ocrx_word' id='word_1_100' title='bbox 703 1836 810 1914; x_wconf 83' lang='lat' dir='ltr'><strong>maius</strong></span> <span class='ocrx_word' id='word_1_101' title='bbox 835 1859 1070 1933; x_wconf 89' lang='lat' dir='ltr'><strong>argumentum</strong></span> <span class='ocrx_word' id='word_1_102' title='bbox 1093 1860 1145 1927; x_wconf 84' lang='lat' dir='ltr'><strong>est</strong></span> 
     </span>
     <span class='ocr_line' id='line_1_15' title="bbox 98 1958 1144 2043; baseline -0.002 -20"><span class='ocrx_word' id='word_1_103' title='bbox 98 1980 200 2043; x_wconf 90' lang='lat' dir='ltr'><strong>quam</strong></span> <span class='ocrx_word' id='word_1_104' title='bbox 224 1961 314 2043; x_wconf 89' lang='lat' dir='ltr'><strong>quod</strong></span> <span class='ocrx_word' id='word_1_105' title='bbox 338 1980 458 2030; x_wconf 88' lang='lat' dir='ltr'><strong>causae</strong></span> <span class='ocrx_word' id='word_1_106' title='bbox 483 1958 750 2035; x_wconf 70' lang='lat' dir='ltr'><strong>centumvitales</strong></span> <span class='ocrx_word' id='word_1_107' title='bbox 777 1979 862 2041; x_wconf 88' lang='lat' dir='ltr'><strong>quae</strong></span> <span class='ocrx_word' id='word_1_108' title='bbox 887 1979 976 2023; x_wconf 92' lang='lat' dir='ltr'><strong>nunc</strong></span> <span class='ocrx_word' id='word_1_109' title='bbox 1001 1958 1144 2041; x_wconf 91' lang='lat' dir='ltr'><strong>primurn</strong></span> 
     </span>
     <span class='ocr_line' id='line_1_16' title="bbox 99 2066 1144 2149; baseline -0.003 -17"><span class='ocrx_word' id='word_1_110' title='bbox 99 2068 255 2132; x_wconf 91' lang='lat' dir='ltr'><strong>obtinent</strong></span> <span class='ocrx_word' id='word_1_111' title='bbox 287 2067 407 2143; x_wconf 91' lang='lat' dir='ltr'><strong>locum,</strong></span> <span class='ocrx_word' id='word_1_112' title='bbox 441 2069 523 2132; x_wconf 90' lang='lat' dir='ltr'><strong>adeo</strong></span> <span class='ocrx_word' id='word_1_113' title='bbox 556 2067 733 2149; x_wconf 89' lang='lat' dir='ltr'><strong>splendore</strong></span> <span class='ocrx_word' id='word_1_114' title='bbox 771 2066 910 2131; x_wconf 89' lang='lat' dir='ltr'><strong>aliorum</strong></span> <span class='ocrx_word' id='word_1_115' title='bbox 948 2066 1144 2131; x_wconf 91' lang='lat' dir='ltr'><strong>iudiciorum</strong></span> 
     </span>
    </p>
   </div>
   <div class='ocr_carea' id='block_1_3' title="bbox 98 2176 1145 2368">
    <p class='ocr_par' dir='ltr' id='par_1_4' title="bbox 98 2176 1145 2368">
     <span class='ocr_line' id='line_1_17' title="bbox 98 2176 1145 2260; baseline -0.002 -18"><span class='ocrx_word' id='word_1_116' title='bbox 98 2178 335 2254; x_wconf 88' lang='lat' dir='ltr'><strong>obruebantur,</strong></span> <span class='ocrx_word' id='word_1_117' title='bbox 354 2187 392 2240; x_wconf 91' lang='lat' dir='ltr'><strong>ut</strong></span> <span class='ocrx_word' id='word_1_118' title='bbox 413 2197 523 2260; x_wconf 86' lang='lat' dir='ltr'><strong>neque</strong></span> <span class='ocrx_word' id='word_1_119' title='bbox 540 2177 712 2241; x_wconf 90' lang='lat' dir='ltr'><strong>Ciceronis</strong></span> <span class='ocrx_word' id='word_1_120' title='bbox 734 2197 843 2259; x_wconf 91' lang='lat' dir='ltr'><strong>neque</strong></span> <span class='ocrx_word' id='word_1_121' title='bbox 861 2176 1014 2240; x_wconf 87' lang='lat' dir='ltr'><strong>Caesaris</strong></span> <span class='ocrx_word' id='word_1_122' title='bbox 1035 2197 1145 2259; x_wconf 89' lang='lat' dir='ltr'><strong>neque</strong></span> 
     </span>
     <span class='ocr_line' id='line_1_18' title="bbox 99 2284 1145 2368; baseline 0 -20"><span class='ocrx_word' id='word_1_123' title='bbox 99 2285 197 2348; x_wconf 86' lang='lat' dir='ltr'><strong>Bruti</strong></span> <span class='ocrx_word' id='word_1_124' title='bbox 227 2305 337 2368; x_wconf 92' lang='lat' dir='ltr'><strong>neque</strong></span> <span class='ocrx_word' id='word_1_125' title='bbox 366 2284 472 2348; x_wconf 88' lang='lat' dir='ltr'><strong>Caelii</strong></span> <span class='ocrx_word' id='word_1_126' title='bbox 499 2305 609 2367; x_wconf 89' lang='lat' dir='ltr'><strong>neque</strong></span> <span class='ocrx_word' id='word_1_127' title='bbox 635 2284 739 2360; x_wconf 88' lang='lat' dir='ltr'><strong>Calvi,</strong></span> <span class='ocrx_word' id='word_1_128' title='bbox 770 2294 837 2347; x_wconf 86' lang='lat' dir='ltr'><strong>non</strong></span> <span class='ocrx_word' id='word_1_129' title='bbox 869 2284 1014 2367; x_wconf 91' lang='lat' dir='ltr'><strong>denique</strong></span> <span class='ocrx_word' id='word_1_130' title='bbox 1045 2284 1145 2348; x_wconf 92' lang='lat' dir='ltr'><strong>ullius</strong></span> 
     </span>
    </p>
   </div>
   <div class='ocr_carea' id='block_1_4' title="bbox 98 2474 1146 2541">
    <p class='ocr_par' dir='ltr' id='par_1_5' title="bbox 98 2474 1146 2541">
     <span class='ocr_line' id='line_1_19' title="bbox 98 2474 1146 2541; baseline -0.001 -15"><span class='ocrx_word' id='word_1_131' title='bbox 98 2476 179 2540; x_wconf 78' lang='lat' dir='ltr'><strong>agit:</strong></span> <span class='ocrx_word' id='word_1_132' title='bbox 213 2475 324 2541; x_wconf 78' lang='lat' dir='ltr'><strong>literslly</strong></span> <span class='ocrx_word' id='word_1_133' title='bbox 346 2475 402 2525; x_wconf 84' lang='lat' dir='ltr'><strong>dees</strong></span> <span class='ocrx_word' id='word_1_134' title='bbox 431 2476 477 2525; x_wconf 80' lang='lat' dir='ltr'><strong>she</strong></span> <span class='ocrx_word' id='word_1_135' title='bbox 502 2483 601 2539; x_wconf 76' lang='lat' dir='ltr'><strong>appear</strong></span> <span class='ocrx_word' id='word_1_136' title='bbox 648 2477 705 2526; x_wconf 83' lang='lat' dir='ltr'><strong>also</strong></span> <span class='ocrx_word' id='word_1_137' title='bbox 717 2474 852 2526; x_wconf 87' lang='lat' dir='ltr'><strong>restricted</strong></span> <span class='ocrx_word' id='word_1_138' title='bbox 870 2475 914 2524; x_wconf 89' lang='lat' dir='ltr'><strong>the</strong></span> <span class='ocrx_word' id='word_1_139' title='bbox 931 2475 1042 2526; x_wconf 88' lang='lat' dir='ltr'><strong>number</strong></span> <span class='ocrx_word' id='word_1_140' title='bbox 1059 2477 1088 2525; x_wconf 84' lang='lat' dir='ltr'><strong>ot</strong></span> <span class='ocrx_word' id='word_1_141' title='bbox 1099 2485 1146 2540; x_wconf 85' lang='lat' dir='ltr'><strong>pa·</strong></span> 
     </span>
    </p>
   </div>
   <div class='ocr_carea' id='block_1_5' title="bbox 100 2541 1302 2609">
    <p class='ocr_par' dir='ltr' id='par_1_6' title="bbox 100 2541 1302 2609">
     <span class='ocr_line' id='line_1_20' title="bbox 100 2541 1302 2609; baseline 0.002 -18"><span class='ocrx_word' id='word_1_142' title='bbox 100 2543 173 2607; x_wconf 81' lang='lat' dir='ltr'><strong>(live)</strong></span> <span class='ocrx_word' id='word_1_143' title='bbox 187 2544 216 2590; x_wconf 84' lang='lat' dir='ltr'><strong>in</strong></span> <span class='ocrx_word' id='word_1_144' title='bbox 232 2544 275 2590; x_wconf 80' lang='lat' dir='ltr'><strong>the</strong></span> <span class='ocrx_word' id='word_1_145' title='bbox 290 2543 392 2591; x_wconf 76' lang='lat' dir='ltr'><strong>mouths</strong></span> <span class='ocrx_word' id='word_1_146' title='bbox 408 2543 442 2609; x_wconf 65' lang='lat' dir='ltr'><strong>qs</strong></span> <span class='ocrx_word' id='word_1_147' title='bbox 447 2559 514 2600; x_wconf 88' lang='lat' dir='ltr'><strong>men,</strong></span> <span class='ocrx_word' id='word_1_148' title='bbox 526 2543 598 2592; x_wconf 63' lang='lat' dir='ltr'><strong>eleis</strong></span> <span class='ocrx_word' id='word_1_149' title='bbox 648 2543 803 2592; x_wconf 68' lang='lat' dir='ltr'><strong>trena—in</strong></span> <span class='ocrx_word' id='word_1_150' title='bbox 826 2543 906 2592; x_wconf 78' lang='lat' dir='ltr'><strong>loro:</strong></span> <span class='ocrx_word' id='word_1_151' title='bbox 924 2557 953 2591; x_wconf 83' lang='lat' dir='ltr'><strong>as</strong></span> <span class='ocrx_word' id='word_1_152' title='bbox 976 2541 1094 2606; x_wconf 84' lang='lat' dir='ltr'><strong>opposed</strong></span> <span class='ocrx_word' id='word_1_153' title='bbox 1118 2551 1146 2593; x_wconf 87' lang='lat' dir='ltr'><strong>to</strong></span> <span class='ocrx_word' id='word_1_154' title='bbox 1297 2555 1302 2562; x_wconf 88' lang='lat'>&#39;</span> 
     </span>
    </p>
   </div>
   <div class='ocr_carea' id='block_1_6' title="bbox 93 2607 1150 3938">
    <p class='ocr_par' dir='ltr' id='par_1_7' title="bbox 97 2607 1147 2674">
     <span class='ocr_line' id='line_1_21' title="bbox 97 2607 1147 2674; baseline 0 -16"><span class='ocrx_word' id='word_1_155' title='bbox 97 2609 201 2673; x_wconf 83' lang='lat' dir='ltr'><strong>spoken</strong></span> <span class='ocrx_word' id='word_1_156' title='bbox 212 2608 242 2657; x_wconf 82' lang='lat' dir='ltr'><strong>of</strong></span> <span class='ocrx_word' id='word_1_157' title='bbox 252 2607 286 2674; x_wconf 86' lang='lat' dir='ltr'><strong>by</strong></span> <span class='ocrx_word' id='word_1_158' title='bbox 297 2624 365 2658; x_wconf 87' lang='lat' dir='ltr'><strong>men.</strong></span> <span class='ocrx_word' id='word_1_159' title='bbox 647 2610 778 2658; x_wconf 82' lang='lat' dir='ltr'><strong>auditoria</strong></span> <span class='ocrx_word' id='word_1_160' title='bbox 806 2615 831 2657; x_wconf 88' lang='lat' dir='ltr'><strong>et</strong></span> <span class='ocrx_word' id='word_1_161' title='bbox 857 2611 992 2668; x_wconf 83' lang='lat' dir='ltr'><strong>tabularia,</strong></span> <span class='ocrx_word' id='word_1_162' title='bbox 1017 2623 1056 2674; x_wconf 86' lang='lat'><strong>39.</strong></span> <span class='ocrx_word' id='word_1_163' title='bbox 1081 2624 1147 2658; x_wconf 89' lang='lat'><strong>2.-</strong></span> 
     </span>
    </p>

    <p class='ocr_par' dir='ltr' id='par_1_8' title="bbox 95 2673 1149 3542">
     <span class='ocr_line' id='line_1_22' title="bbox 132 2673 1145 2741; baseline 0 -16"><span class='ocrx_word' id='word_1_164' title='bbox 132 2673 179 2732; x_wconf 77' lang='lat'><strong>38.</strong></span> <span class='ocrx_word' id='word_1_165' title='bbox 204 2688 293 2740; x_wconf 82' lang='lat' dir='ltr'><strong>quae:</strong></span> <span class='ocrx_word' id='word_1_166' title='bbox 310 2677 348 2724; x_wconf 79' lang='lat' dir='ltr'><strong>ie.</strong></span> <span class='ocrx_word' id='word_1_167' title='bbox 355 2676 447 2741; x_wconf 79' lang='lat' dir='ltr'><strong>ferma</strong></span> <span class='ocrx_word' id='word_1_168' title='bbox 461 2683 487 2724; x_wconf 89' lang='lat' dir='ltr'><strong>et</strong></span> <span class='ocrx_word' id='word_1_169' title='bbox 501 2692 599 2725; x_wconf 82' lang='lat' dir='ltr'><strong>eonsue-</strong></span> <span class='ocrx_word' id='word_1_170' title='bbox 648 2677 777 2740; x_wconf 87' lang='lat' dir='ltr'><strong>legibus:</strong></span> <span class='ocrx_word' id='word_1_171' title='bbox 796 2675 830 2725; x_wconf 84' lang='lat' dir='ltr'><strong>cf.</strong></span> <span class='ocrx_word' id='word_1_172' title='bbox 851 2689 887 2738; x_wconf 88' lang='lat'><strong>19.</strong></span> <span class='ocrx_word' id='word_1_173' title='bbox 906 2675 923 2724; x_wconf 88' lang='lat'><strong>6</strong></span> <span class='ocrx_word' id='word_1_174' title='bbox 939 2677 967 2724; x_wconf 86' lang='lat' dir='ltr'><strong>vi</strong></span> <span class='ocrx_word' id='word_1_175' title='bbox 983 2683 1008 2725; x_wconf 90' lang='lat' dir='ltr'><strong>et</strong></span> <span class='ocrx_word' id='word_1_176' title='bbox 1019 2683 1145 2739; x_wconf 82' lang='lat' dir='ltr'><strong>potestate,</strong></span> 
     </span>
     <span class='ocr_line' id='line_1_23' title="bbox 97 2743 1149 2807; baseline -0.002 -15"><span class='ocrx_word' id='word_1_177' title='bbox 97 2743 162 2792; x_wconf 82' lang='lat' dir='ltr'><strong>tude</strong></span> <span class='ocrx_word' id='word_1_178' title='bbox 183 2743 446 2801; x_wconf 58' lang='lat' dir='ltr'><strong>iudiciorum—not</strong></span> <span class='ocrx_word' id='word_1_179' title='bbox 461 2743 553 2807; x_wconf 85' lang='lat' dir='ltr'><strong>forma</strong></span> <span class='ocrx_word' id='word_1_180' title='bbox 575 2749 601 2792; x_wconf 83' lang='lat' dir='ltr'><strong>et</strong></span> <span class='ocrx_word' id='word_1_181' title='bbox 648 2759 700 2791; x_wconf 83' lang='lat' dir='ltr'><strong>nen</strong></span> <span class='ocrx_word' id='word_1_182' title='bbox 720 2745 777 2791; x_wconf 77' lang='lat' dir='ltr'><strong>iure</strong></span> <span class='ocrx_word' id='word_1_183' title='bbox 795 2749 820 2790; x_wconf 87' lang='lat' dir='ltr'><strong>et</strong></span> <span class='ocrx_word' id='word_1_184' title='bbox 838 2743 932 2806; x_wconf 80' lang='lat' dir='ltr'><strong>legibus</strong></span> <span class='ocrx_word' id='word_1_185' title='bbox 951 2750 1149 2805; x_wconf 81' lang='lat' dir='ltr'><strong>cognoscunt.—</strong></span> 
     </span>
     <span class='ocr_line' id='line_1_24' title="bbox 96 2809 1146 2873; baseline 0 -15"><span class='ocrx_word' id='word_1_186' title='bbox 96 2810 249 2858; x_wconf 77' lang='lat' dir='ltr'><strong>cmmetudo</strong></span> <span class='ocrx_word' id='word_1_187' title='bbox 266 2815 377 2858; x_wconf 82' lang='lat' dir='ltr'><strong>veterum</strong></span> <span class='ocrx_word' id='word_1_188' title='bbox 395 2810 599 2858; x_wconf 67' lang='lat' dir='ltr'><strong>iudiciorum-</strong></span> <span class='ocrx_word' id='word_1_189' title='bbox 648 2810 726 2873; x_wconf 77' lang='lat' dir='ltr'><strong>apud</strong></span> <span class='ocrx_word' id='word_1_190' title='bbox 746 2817 911 2873; x_wconf 79' lang='lat' dir='ltr'><strong>praetores:</strong></span> <span class='ocrx_word' id='word_1_191' title='bbox 930 2824 958 2858; x_wconf 89' lang='lat' dir='ltr'><strong>as</strong></span> <span class='ocrx_word' id='word_1_192' title='bbox 979 2809 1098 2873; x_wconf 86' lang='lat' dir='ltr'><strong>opposed</strong></span> <span class='ocrx_word' id='word_1_193' title='bbox 1118 2817 1146 2858; x_wconf 90' lang='lat' dir='ltr'><strong>to</strong></span> 
     </span>
     <span class='ocr_line' id='line_1_25' title="bbox 98 2875 1146 2941; baseline 0 -17"><span class='ocrx_word' id='word_1_194' title='bbox 98 2875 435 2939; x_wconf 76' lang='lat' dir='ltr'><strong>comperendinationes:</strong></span> <span class='ocrx_word' id='word_1_195' title='bbox 453 2891 469 2924; x_wconf 85' lang='lat' dir='ltr'><strong>a</strong></span> <span class='ocrx_word' id='word_1_196' title='bbox 475 2877 598 2939; x_wconf 87' lang='lat' dir='ltr'><strong>post-Au·</strong></span> <span class='ocrx_word' id='word_1_197' title='bbox 647 2877 676 2924; x_wconf 81' lang='lat' dir='ltr'><strong>in</strong></span> <span class='ocrx_word' id='word_1_198' title='bbox 687 2883 776 2924; x_wconf 78' lang='lat' dir='ltr'><strong>senatu</strong></span> <span class='ocrx_word' id='word_1_199' title='bbox 787 2878 839 2924; x_wconf 87' lang='lat' dir='ltr'><strong>sive</strong></span> <span class='ocrx_word' id='word_1_200' title='bbox 850 2876 922 2937; x_wconf 82' lang='lat' dir='ltr'><strong>apud</strong></span> <span class='ocrx_word' id='word_1_201' title='bbox 925 2877 1079 2938; x_wconf 82' lang='lat' dir='ltr'><strong>principem,</strong></span> <span class='ocrx_word' id='word_1_202' title='bbox 1091 2888 1112 2941; x_wconf 84' lang='lat'><strong>5.</strong></span> <span class='ocrx_word' id='word_1_203' title='bbox 1122 2876 1146 2926; x_wconf 90' lang='lat'><strong>6.</strong></span> 
     </span>
     <span class='ocr_line' id='line_1_26' title="bbox 96 2941 1148 3006; baseline -0.002 -14"><span class='ocrx_word' id='word_1_204' title='bbox 96 2951 194 3006; x_wconf 84' lang='lat' dir='ltr'><strong>gustan</strong></span> <span class='ocrx_word' id='word_1_205' title='bbox 206 2941 453 2992; x_wconf 84' lang='lat' dir='ltr'><strong>word—modum</strong></span> <span class='ocrx_word' id='word_1_206' title='bbox 464 2942 493 2991; x_wconf 90' lang='lat' dir='ltr'><strong>in</strong></span> <span class='ocrx_word' id='word_1_207' title='bbox 502 2942 599 2991; x_wconf 89' lang='lat' dir='ltr'><strong>dicen·</strong></span> <span class='ocrx_word' id='word_1_208' title='bbox 681 2957 706 3004; x_wconf 86' lang='lat'><strong>3.</strong></span> <span class='ocrx_word' id='word_1_209' title='bbox 723 2943 798 3006; x_wconf 87' lang='lat' dir='ltr'><strong>apud</strong></span> <span class='ocrx_word' id='word_1_210' title='bbox 816 2956 897 3005; x_wconf 90' lang='lat' dir='ltr'><strong>quos,</strong></span> <span class='ocrx_word' id='word_1_211' title='bbox 907 2950 963 3000; x_wconf 81' lang='lat' dir='ltr'><strong>ete,</strong></span> <span class='ocrx_word' id='word_1_212' title='bbox 972 2943 1148 3006; x_wconf 73' lang='lat' dir='ltr'><strong>whatgeeater</strong></span> 
     </span>
     <span class='ocr_line' id='line_1_27' title="bbox 97 3009 1148 3074; baseline -0.001 -15"><span class='ocrx_word' id='word_1_213' title='bbox 97 3011 157 3059; x_wconf 84' lang='lat' dir='ltr'><strong>do:</strong></span> <span class='ocrx_word' id='word_1_214' title='bbox 174 3009 207 3058; x_wconf 81' lang='lat' dir='ltr'><strong>cf.</strong></span> <span class='ocrx_word' id='word_1_215' title='bbox 227 3009 280 3058; x_wconf 80' lang='lat' dir='ltr'><strong>Cic</strong></span> <span class='ocrx_word' id='word_1_216' title='bbox 298 3011 328 3058; x_wconf 88' lang='lat' dir='ltr'><strong>de</strong></span> <span class='ocrx_word' id='word_1_217' title='bbox 345 3011 406 3071; x_wconf 86' lang='lat' dir='ltr'><strong>Rep.</strong></span> <span class='ocrx_word' id='word_1_218' title='bbox 426 3009 488 3057; x_wconf 86' lang='lat'>11.1</span> <span class='ocrx_word' id='word_1_219' title='bbox 509 3011 598 3058; x_wconf 85' lang='lat' dir='ltr'><strong>modus</strong></span> <span class='ocrx_word' id='word_1_220' title='bbox 648 3011 761 3074; x_wconf 78' lang='lat' dir='ltr'><strong>praesis</strong></span> <span class='ocrx_word' id='word_1_221' title='bbox 772 3010 842 3058; x_wconf 80' lang='lat' dir='ltr'><strong>there</strong></span> <span class='ocrx_word' id='word_1_222' title='bbox 856 3010 914 3058; x_wconf 82' lang='lat' dir='ltr'><strong>how</strong></span> <span class='ocrx_word' id='word_1_223' title='bbox 931 3010 1006 3057; x_wconf 82' lang='lat' dir='ltr'><strong>much</strong></span> <span class='ocrx_word' id='word_1_224' title='bbox 1021 3026 1091 3070; x_wconf 80' lang='lat' dir='ltr'><strong>neore</strong></span> <span class='ocrx_word' id='word_1_225' title='bbox 1101 3011 1148 3058; x_wconf 82' lang='lat' dir='ltr'><strong>im-</strong></span> 
     </span>
     <span class='ocr_line' id='line_1_28' title="bbox 96 3076 1148 3138; baseline 0 -14"><span class='ocrx_word' id='word_1_226' title='bbox 96 3078 128 3124; x_wconf 85' lang='lat' dir='ltr'><strong>in</strong></span> <span class='ocrx_word' id='word_1_227' title='bbox 146 3076 445 3126; x_wconf 75' lang='lat' dir='ltr'><strong>dicenda—numerus</strong></span> <span class='ocrx_word' id='word_1_228' title='bbox 466 3083 598 3138; x_wconf 74' lang='lat' dir='ltr'><strong>patrono·</strong></span> <span class='ocrx_word' id='word_1_229' title='bbox 648 3082 758 3138; x_wconf 83' lang='lat' dir='ltr'><strong>portant</strong></span> <span class='ocrx_word' id='word_1_230' title='bbox 773 3076 885 3124; x_wconf 82' lang='lat' dir='ltr'><strong>business</strong></span> <span class='ocrx_word' id='word_1_231' title='bbox 902 3077 966 3124; x_wconf 85' lang='lat' dir='ltr'><strong>used</strong></span> <span class='ocrx_word' id='word_1_232' title='bbox 980 3083 1005 3123; x_wconf 85' lang='lat' dir='ltr'><strong>te</strong></span> <span class='ocrx_word' id='word_1_233' title='bbox 1021 3077 1048 3124; x_wconf 88' lang='lat' dir='ltr'><strong>be</strong></span> <span class='ocrx_word' id='word_1_234' title='bbox 1065 3083 1148 3124; x_wconf 82' lang='lat' dir='ltr'><strong>trans-</strong></span> 
     </span>
     <span class='ocr_line' id='line_1_29' title="bbox 97 3141 1148 3200; baseline -0.003 -7"><span class='ocrx_word' id='word_1_235' title='bbox 97 3157 179 3193; x_wconf 86' lang='lat' dir='ltr'><strong>rum:</strong></span> <span class='ocrx_word' id='word_1_236' title='bbox 203 3141 316 3192; x_wconf 84' lang='lat' dir='ltr'><strong>towards</strong></span> <span class='ocrx_word' id='word_1_237' title='bbox 339 3143 384 3191; x_wconf 90' lang='lat' dir='ltr'><strong>the</strong></span> <span class='ocrx_word' id='word_1_238' title='bbox 407 3143 478 3192; x_wconf 84' lang='lat' dir='ltr'><strong>close</strong></span> <span class='ocrx_word' id='word_1_239' title='bbox 501 3141 531 3191; x_wconf 84' lang='lat' dir='ltr'><strong>ot</strong></span> <span class='ocrx_word' id='word_1_240' title='bbox 553 3142 598 3191; x_wconf 91' lang='lat' dir='ltr'><strong>the</strong></span> <span class='ocrx_word' id='word_1_241' title='bbox 647 3144 724 3200; x_wconf 82' lang='lat' dir='ltr'><strong>acted,</strong></span> <span class='ocrx_word' id='word_1_242' title='bbox 745 3143 967 3192; x_wconf 76' lang='lat' dir='ltr'><strong>etei—causae</strong></span> <span class='ocrx_word' id='word_1_243' title='bbox 989 3143 1148 3192; x_wconf 88' lang='lat' dir='ltr'><strong>centumvi-</strong></span> 
     </span>
     <span class='ocr_line' id='line_1_30' title="bbox 97 3208 1148 3274; baseline -0.001 -16"><span class='ocrx_word' id='word_1_244' title='bbox 97 3208 229 3272; x_wconf 89' lang='lat' dir='ltr'><strong>Republic</strong></span> <span class='ocrx_word' id='word_1_245' title='bbox 250 3209 402 3259; x_wconf 87' lang='lat' dir='ltr'><strong>sometimes</strong></span> <span class='ocrx_word' id='word_1_246' title='bbox 421 3224 451 3258; x_wconf 86' lang='lat' dir='ltr'><strong>as</strong></span> <span class='ocrx_word' id='word_1_247' title='bbox 471 3224 549 3274; x_wconf 89' lang='lat' dir='ltr'><strong>many</strong></span> <span class='ocrx_word' id='word_1_248' title='bbox 569 3224 598 3258; x_wconf 87' lang='lat' dir='ltr'><strong>as</strong></span> <span class='ocrx_word' id='word_1_249' title='bbox 649 3210 743 3258; x_wconf 75' lang='lat' dir='ltr'><strong>tales:</strong></span> <span class='ocrx_word' id='word_1_250' title='bbox 760 3210 798 3257; x_wconf 82' lang='lat' dir='ltr'><strong>ie.</strong></span> <span class='ocrx_word' id='word_1_251' title='bbox 820 3223 894 3258; x_wconf 87' lang='lat' dir='ltr'><strong>cases</strong></span> <span class='ocrx_word' id='word_1_252' title='bbox 916 3209 1007 3258; x_wconf 84' lang='lat' dir='ltr'><strong>before</strong></span> <span class='ocrx_word' id='word_1_253' title='bbox 1030 3209 1075 3258; x_wconf 88' lang='lat' dir='ltr'><strong>the</strong></span> <span class='ocrx_word' id='word_1_254' title='bbox 1094 3226 1148 3258; x_wconf 87' lang='lat' dir='ltr'><strong>cen-</strong></span> 
     </span>
     <span class='ocr_line' id='line_1_31' title="bbox 96 3275 1146 3339; baseline -0.001 -15"><span class='ocrx_word' id='word_1_255' title='bbox 96 3276 191 3325; x_wconf 85' lang='lat' dir='ltr'><strong>twelve</strong></span> <span class='ocrx_word' id='word_1_256' title='bbox 202 3275 333 3326; x_wconf 85' lang='lat' dir='ltr'><strong>servedin</strong></span> <span class='ocrx_word' id='word_1_257' title='bbox 351 3275 396 3325; x_wconf 87' lang='lat' dir='ltr'><strong>the</strong></span> <span class='ocrx_word' id='word_1_258' title='bbox 407 3291 479 3325; x_wconf 86' lang='lat' dir='ltr'><strong>same</strong></span> <span class='ocrx_word' id='word_1_259' title='bbox 490 3290 599 3325; x_wconf 77' lang='lat' dir='ltr'><strong>case—</strong></span> <span class='ocrx_word' id='word_1_260' title='bbox 648 3277 758 3324; x_wconf 85' lang='lat' dir='ltr'><strong>tumviri</strong></span> <span class='ocrx_word' id='word_1_261' title='bbox 765 3291 776 3334; x_wconf 92' lang='lat'><em>;</em></span> <span class='ocrx_word' id='word_1_262' title='bbox 794 3291 838 3324; x_wconf 88' lang='lat' dir='ltr'><strong>see</strong></span> <span class='ocrx_word' id='word_1_263' title='bbox 849 3289 872 3337; x_wconf 92' lang='lat'><strong>7.</strong></span> <span class='ocrx_word' id='word_1_264' title='bbox 888 3289 969 3324; x_wconf 88' lang='lat' dir='ltr'><strong>rn.—</strong></span> <span class='ocrx_word' id='word_1_265' title='bbox 977 3290 1052 3339; x_wconf 84' lang='lat' dir='ltr'><strong>quae</strong></span> <span class='ocrx_word' id='word_1_266' title='bbox 1070 3289 1146 3325; x_wconf 88' lang='lat' dir='ltr'><strong>nunc</strong></span> 
     </span>
     <span class='ocr_line' id='line_1_32' title="bbox 97 3341 1148 3406; baseline 0 -15"><span class='ocrx_word' id='word_1_267' title='bbox 97 3343 266 3392; x_wconf 70' lang='lat' dir='ltr'><strong>finiebatur:</strong></span> <span class='ocrx_word' id='word_1_268' title='bbox 283 3342 326 3391; x_wconf 84' lang='lat' dir='ltr'><strong>ior</strong></span> <span class='ocrx_word' id='word_1_269' title='bbox 339 3342 546 3406; x_wconf 80' lang='lat' dir='ltr'><strong>definiebatur,-</strong></span> <span class='ocrx_word' id='word_1_270' title='bbox 553 3341 598 3390; x_wconf 88' lang='lat' dir='ltr'><strong>the</strong></span> <span class='ocrx_word' id='word_1_271' title='bbox 648 3342 774 3405; x_wconf 83' lang='lat' dir='ltr'><strong>primurn</strong></span> <span class='ocrx_word' id='word_1_272' title='bbox 783 3343 914 3391; x_wconf 87' lang='lat' dir='ltr'><strong>obtinent</strong></span> <span class='ocrx_word' id='word_1_273' title='bbox 923 3342 1030 3391; x_wconf 88' lang='lat' dir='ltr'><strong>locum:</strong></span> <span class='ocrx_word' id='word_1_274' title='bbox 1045 3343 1148 3405; x_wconf 81' lang='lat' dir='ltr'><strong>Augus-</strong></span> 
     </span>
     <span class='ocr_line' id='line_1_33' title="bbox 95 3407 1147 3473; baseline -0.002 -14"><span class='ocrx_word' id='word_1_275' title='bbox 95 3409 192 3472; x_wconf 84' lang='lat' dir='ltr'><strong>simple</strong></span> <span class='ocrx_word' id='word_1_276' title='bbox 212 3407 275 3458; x_wconf 88' lang='lat' dir='ltr'><strong>verb</strong></span> <span class='ocrx_word' id='word_1_277' title='bbox 297 3408 340 3457; x_wconf 82' lang='lat' dir='ltr'><strong>ior</strong></span> <span class='ocrx_word' id='word_1_278' title='bbox 363 3408 408 3458; x_wconf 89' lang='lat' dir='ltr'><strong>the</strong></span> <span class='ocrx_word' id='word_1_279' title='bbox 430 3407 597 3473; x_wconf 88' lang='lat' dir='ltr'><strong>compound;</strong></span> <span class='ocrx_word' id='word_1_280' title='bbox 649 3415 691 3457; x_wconf 89' lang='lat' dir='ltr'><strong>tus</strong></span> <span class='ocrx_word' id='word_1_281' title='bbox 714 3424 779 3472; x_wconf 87' lang='lat' dir='ltr'><strong>gave</strong></span> <span class='ocrx_word' id='word_1_282' title='bbox 808 3410 853 3457; x_wconf 91' lang='lat' dir='ltr'><strong>the</strong></span> <span class='ocrx_word' id='word_1_283' title='bbox 879 3409 1049 3458; x_wconf 89' lang='lat' dir='ltr'><strong>centumviral</strong></span> <span class='ocrx_word' id='word_1_284' title='bbox 1072 3416 1147 3458; x_wconf 91' lang='lat' dir='ltr'><strong>court</strong></span> 
     </span>
     <span class='ocr_line' id='line_1_34' title="bbox 95 3475 1146 3542; baseline -0.002 -17"><span class='ocrx_word' id='word_1_285' title='bbox 95 3491 143 3525; x_wconf 88' lang='lat' dir='ltr'><strong>see</strong></span> <span class='ocrx_word' id='word_1_286' title='bbox 159 3488 196 3536; x_wconf 88' lang='lat'><strong>17.</strong></span> <span class='ocrx_word' id='word_1_287' title='bbox 208 3490 256 3535; x_wconf 87' lang='lat'>411.</span> <span class='ocrx_word' id='word_1_288' title='bbox 648 3475 745 3539; x_wconf 84' lang='lat' dir='ltr'><strong>special</strong></span> <span class='ocrx_word' id='word_1_289' title='bbox 755 3476 923 3539; x_wconf 87' lang='lat' dir='ltr'><strong>prominence</strong></span> <span class='ocrx_word' id='word_1_290' title='bbox 933 3476 966 3542; x_wconf 88' lang='lat' dir='ltr'><strong>by</strong></span> <span class='ocrx_word' id='word_1_291' title='bbox 975 3475 1107 3538; x_wconf 88' lang='lat' dir='ltr'><strong>assigning</strong></span> <span class='ocrx_word' id='word_1_292' title='bbox 1118 3482 1146 3523; x_wconf 90' lang='lat' dir='ltr'><strong>to</strong></span> 
     </span>
    </p>

    <p class='ocr_par' dir='ltr' id='par_1_9' title="bbox 93 3540 1150 3938">
     <span class='ocr_line' id='line_1_35' title="bbox 131 3540 1146 3609; baseline -0.001 -18"><span class='ocrx_word' id='word_1_293' title='bbox 131 3555 158 3591; x_wconf 82' lang='lat'><strong>2.</strong></span> <span class='ocrx_word' id='word_1_294' title='bbox 178 3542 263 3591; x_wconf 87' lang='lat' dir='ltr'><strong>tertio</strong></span> <span class='ocrx_word' id='word_1_295' title='bbox 280 3541 447 3592; x_wconf 79' lang='lat' dir='ltr'><strong>consulatu:</strong></span> <span class='ocrx_word' id='word_1_296' title='bbox 464 3543 502 3590; x_wconf 79' lang='lat' dir='ltr'><strong>e&#39;e.</strong></span> <span class='ocrx_word' id='word_1_297' title='bbox 514 3540 540 3589; x_wconf 91' lang='lat' dir='ltr'><strong>in</strong></span> <span class='ocrx_word' id='word_1_298' title='bbox 553 3540 598 3590; x_wconf 87' lang='lat' dir='ltr'><strong>the</strong></span> <span class='ocrx_word' id='word_1_299' title='bbox 648 3541 669 3590; x_wconf 88' lang='lat' dir='ltr'><strong>it</strong></span> <span class='ocrx_word' id='word_1_300' title='bbox 683 3543 812 3592; x_wconf 88' lang='lat' dir='ltr'><strong>exclusive</strong></span> <span class='ocrx_word' id='word_1_301' title='bbox 830 3543 993 3609; x_wconf 84' lang='lat' dir='ltr'><strong>jurisdiction</strong></span> <span class='ocrx_word' id='word_1_302' title='bbox 1011 3543 1037 3592; x_wconf 91' lang='lat' dir='ltr'><strong>in</strong></span> <span class='ocrx_word' id='word_1_303' title='bbox 1050 3542 1146 3592; x_wconf 85' lang='lat' dir='ltr'><strong>certain</strong></span> 
     </span>
     <span class='ocr_line' id='line_1_36' title="bbox 95 3608 1148 3676; baseline -0.002 -19"><span class='ocrx_word' id='word_1_304' title='bbox 95 3624 161 3675; x_wconf 84' lang='lat' dir='ltr'><strong>year</strong></span> <span class='ocrx_word' id='word_1_305' title='bbox 178 3620 209 3672; x_wconf 81' lang='lat'><strong>52</strong></span> <span class='ocrx_word' id='word_1_306' title='bbox 222 3620 280 3666; x_wconf 78' lang='lat' dir='ltr'><strong>n.c.,</strong></span> <span class='ocrx_word' id='word_1_307' title='bbox 299 3608 373 3657; x_wconf 86' lang='lat' dir='ltr'><strong>when</strong></span> <span class='ocrx_word' id='word_1_308' title='bbox 393 3610 516 3674; x_wconf 90' lang='lat' dir='ltr'><strong>Pompey,</strong></span> <span class='ocrx_word' id='word_1_309' title='bbox 535 3608 597 3657; x_wconf 89' lang='lat' dir='ltr'><strong>then</strong></span> <span class='ocrx_word' id='word_1_310' title='bbox 648 3616 765 3667; x_wconf 86' lang='lat' dir='ltr'><strong>matters,</strong></span> <span class='ocrx_word' id='word_1_311' title='bbox 799 3611 965 3676; x_wconf 86' lang='lat' dir='ltr'><strong>particularly</strong></span> <span class='ocrx_word' id='word_1_312' title='bbox 1004 3625 1077 3659; x_wconf 88' lang='lat' dir='ltr'><strong>cases</strong></span> <span class='ocrx_word' id='word_1_313' title='bbox 1118 3608 1148 3656; x_wconf 84' lang='lat' dir='ltr'><strong>ot</strong></span> 
     </span>
     <span class='ocr_line' id='line_1_37' title="bbox 93 3674 1146 3739; baseline -0.003 -13"><span class='ocrx_word' id='word_1_314' title='bbox 93 3676 155 3726; x_wconf 88' lang='lat' dir='ltr'><strong>sole</strong></span> <span class='ocrx_word' id='word_1_315' title='bbox 173 3675 274 3732; x_wconf 89' lang='lat' dir='ltr'><strong>consul,</strong></span> <span class='ocrx_word' id='word_1_316' title='bbox 291 3674 400 3726; x_wconf 84' lang='lat' dir='ltr'><strong>secured</strong></span> <span class='ocrx_word' id='word_1_317' title='bbox 420 3675 465 3725; x_wconf 88' lang='lat' dir='ltr'><strong>the</strong></span> <span class='ocrx_word' id='word_1_318' title='bbox 487 3690 598 3738; x_wconf 85' lang='lat' dir='ltr'><strong>passage</strong></span> <span class='ocrx_word' id='word_1_319' title='bbox 649 3675 771 3739; x_wconf 86' lang='lat' dir='ltr'><strong>disputed</strong></span> <span class='ocrx_word' id='word_1_320' title='bbox 814 3677 980 3726; x_wconf 87' lang='lat' dir='ltr'><strong>inheritance.</strong></span> <span class='ocrx_word' id='word_1_321' title='bbox 993 3706 1027 3713; x_wconf 91' lang='grc'>-</span> <span class='ocrx_word' id='word_1_322' title='bbox 1044 3678 1146 3725; x_wconf 89' lang='lat' dir='ltr'><strong>obrue·</strong></span> 
     </span>
     <span class='ocr_line' id='line_1_38' title="bbox 94 3741 1146 3805; baseline -0.002 -13"><span class='ocrx_word' id='word_1_323' title='bbox 94 3743 127 3792; x_wconf 84' lang='lat' dir='ltr'><strong>ot</strong></span> <span class='ocrx_word' id='word_1_324' title='bbox 143 3756 162 3790; x_wconf 83' lang='lat' dir='ltr'><strong>a</strong></span> <span class='ocrx_word' id='word_1_325' title='bbox 177 3742 228 3790; x_wconf 83' lang='lat' dir='ltr'><strong>law</strong></span> <span class='ocrx_word' id='word_1_326' title='bbox 242 3741 353 3805; x_wconf 87' lang='lat' dir='ltr'><strong>limiting</strong></span> <span class='ocrx_word' id='word_1_327' title='bbox 370 3741 415 3790; x_wconf 87' lang='lat' dir='ltr'><strong>the</strong></span> <span class='ocrx_word' id='word_1_328' title='bbox 427 3742 490 3791; x_wconf 90' lang='lat' dir='ltr'><strong>time</strong></span> <span class='ocrx_word' id='word_1_329' title='bbox 507 3742 537 3791; x_wconf 84' lang='lat' dir='ltr'><strong>of</strong></span> <span class='ocrx_word' id='word_1_330' title='bbox 553 3743 598 3792; x_wconf 87' lang='lat' dir='ltr'><strong>the</strong></span> <span class='ocrx_word' id='word_1_331' title='bbox 649 3745 762 3803; x_wconf 75' lang='lat' dir='ltr'><strong>bantur,</strong></span> <span class='ocrx_word' id='word_1_332' title='bbox 781 3760 846 3792; x_wconf 88' lang='lat' dir='ltr'><strong>were</strong></span> <span class='ocrx_word' id='word_1_333' title='bbox 865 3744 1103 3792; x_wconf 77' lang='lat' dir='ltr'><strong>everstadewed.-</strong></span> <span class='ocrx_word' id='word_1_334' title='bbox 1115 3748 1146 3791; x_wconf 91' lang='lat' dir='ltr'><strong>ut</strong></span> 
     </span>
     <span class='ocr_line' id='line_1_39' title="bbox 94 3807 1148 3873; baseline -0.004 -15"><span class='ocrx_word' id='word_1_335' title='bbox 94 3822 207 3859; x_wconf 84' lang='lat' dir='ltr'><strong>accuser</strong></span> <span class='ocrx_word' id='word_1_336' title='bbox 230 3814 259 3856; x_wconf 88' lang='lat' dir='ltr'><strong>to</strong></span> <span class='ocrx_word' id='word_1_337' title='bbox 278 3815 336 3857; x_wconf 83' lang='lat' dir='ltr'><strong>&#39;two</strong></span> <span class='ocrx_word' id='word_1_338' title='bbox 358 3808 440 3857; x_wconf 88' lang='lat' dir='ltr'><strong>hours</strong></span> <span class='ocrx_word' id='word_1_339' title='bbox 463 3807 516 3857; x_wconf 88' lang='lat' dir='ltr'><strong>and</strong></span> <span class='ocrx_word' id='word_1_340' title='bbox 541 3809 598 3857; x_wconf 91' lang='lat' dir='ltr'><strong>tbat</strong></span> <span class='ocrx_word' id='word_1_341' title='bbox 648 3824 707 3859; x_wconf 90' lang='lat' dir='ltr'><strong>non</strong></span> <span class='ocrx_word' id='word_1_342' title='bbox 721 3844 727 3858; x_wconf 94' lang='lat'>.</span> <span class='ocrx_word' id='word_1_343' title='bbox 741 3845 748 3857; x_wconf 90' lang='lat'><strong><em>.</em></strong></span> <span class='ocrx_word' id='word_1_344' title='bbox 762 3844 769 3858; x_wconf 91' lang='lat'><strong>.</strong></span> <span class='ocrx_word' id='word_1_345' title='bbox 782 3810 853 3859; x_wconf 90' lang='lat' dir='ltr'><strong>liber</strong></span> <span class='ocrx_word' id='word_1_346' title='bbox 865 3811 960 3859; x_wconf 89' lang='lat' dir='ltr'><strong>dictus</strong></span> <span class='ocrx_word' id='word_1_347' title='bbox 974 3810 1096 3873; x_wconf 82' lang='lat' dir='ltr'><strong>legatur,</strong></span> <span class='ocrx_word' id='word_1_348' title='bbox 1112 3812 1148 3870; x_wconf 84' lang='lat' dir='ltr'><strong>(so</strong></span> 
     </span>
     <span class='ocr_line' id='line_1_40' title="bbox 93 3873 1150 3938; baseline -0.001 -13"><span class='ocrx_word' id='word_1_349' title='bbox 93 3875 126 3925; x_wconf 81' lang='lat' dir='ltr'><strong>oi</strong></span> <span class='ocrx_word' id='word_1_350' title='bbox 157 3875 203 3924; x_wconf 91' lang='lat' dir='ltr'><strong>the</strong></span> <span class='ocrx_word' id='word_1_351' title='bbox 232 3873 343 3924; x_wconf 83' lang='lat' dir='ltr'><strong>accused</strong></span> <span class='ocrx_word' id='word_1_352' title='bbox 371 3880 400 3924; x_wconf 88' lang='lat' dir='ltr'><strong>to</strong></span> <span class='ocrx_word' id='word_1_353' title='bbox 429 3874 510 3925; x_wconf 85' lang='lat' dir='ltr'><strong>three.</strong></span> <span class='ocrx_word' id='word_1_354' title='bbox 554 3875 598 3925; x_wconf 86' lang='lat' dir='ltr'><strong>He</strong></span> <span class='ocrx_word' id='word_1_355' title='bbox 649 3877 855 3938; x_wconf 79' lang='lat' dir='ltr'><strong>evershadmoed)</strong></span> <span class='ocrx_word' id='word_1_356' title='bbox 868 3877 925 3926; x_wconf 77' lang='lat' dir='ltr'><strong>teat</strong></span> <span class='ocrx_word' id='word_1_357' title='bbox 935 3893 972 3925; x_wconf 85' lang='lat' dir='ltr'><strong>we</strong></span> <span class='ocrx_word' id='word_1_358' title='bbox 986 3877 1018 3926; x_wconf 86' lang='lat' dir='ltr'><strong>do</strong></span> <span class='ocrx_word' id='word_1_359' title='bbox 1031 3883 1076 3926; x_wconf 85' lang='lat' dir='ltr'><strong>not</strong></span> <span class='ocrx_word' id='word_1_360' title='bbox 1085 3875 1150 3926; x_wconf 79' lang='lat' dir='ltr'><strong>read</strong></span> 
     </span>
    </p>
   </div>
   <div class='ocr_carea' id='block_1_7' title="bbox 0 0 1396 4350">
    <p class='ocr_par' dir='ltr' id='par_1_10' title="bbox 0 0 1396 4350">
     <span class='ocr_line' id='line_1_41' title="bbox 0 0 1396 4350; baseline 0 0"><span class='ocrx_word' id='word_1_361' title='bbox 0 0 1396 4350; x_wconf 95' lang='lat' dir='ltr'><strong> </strong></span> 
     </span>
    </p>
   </div>
  </div>
 </body>
</html>
