2784 4350
198 352 230 405 70
552 353 579 400 Ρ.
602 351 783 401 CORNELII
808 353 936 401 TACITI
1208 352 1254 412 [37.
1269 366 1293 413 5·

247 538 321 581 cum
350 519 550 613 acciderent,
577 519 751 603 ingentem
780 520 990 603 eloquentiae
1016 522 1191 585 materiam
1218 523 1291 585 sub-

196 631 213 681 6
247 624 490 690 ministrabant.
540 627 670 692 Crescit
684 628 774 691 enim
791 650 867 691 cum
884 628 1103 711 amplitudine
1120 650 1233 693 rerum
1243 630 1290 693 vis

246 733 382 817 ingenii,
406 755 468 798 nec
494 734 670 818 quisquam
700 736 821 800 claram
848 746 882 799 et
908 736 1091 799 inlustrem
1107 738 1291 801 orationem

197 866 211 915 7
247 845 378 908 efficere
403 852 515 925 potest
540 843 605 907 nisi
633 844 690 926 qui
717 864 850 908 causam
875 865 988 927 parem
1014 845 1151 909 invenit.
1203 847 1289 921 Non,

246 954 372 1036 opinor,
392 953 658 1017 Demosthenem
676 953 843 1018 orationes
869 954 1049 1017 inlustrant
1073 976 1156 1037 quas
1181 956 1292 1017 adver-

247 1084 304 1126 sus
329 1072 459 1126 tutores
485 1084 564 1153 spos
593 1064 790 1146 composuit,
818 1084 881 1128 nec
910 1064 1106 1128 Ciceronem
1134 1086 1291 1147 magnum

246 1180 410 1235 oratorem
437 1172 471 1235 P.
497 1171 676 1253 Quinctius
703 1172 863 1236 defensus
888 1182 945 1235 aut
972 1172 1122 1236 Licinius
1148 1174 1292 1236 Archias

246 1279 390 1344 faciunt:
416 1280 562 1343 Catilina
587 1290 620 1343 et
647 1280 729 1343 Milo
755 1290 788 1343 et
805 1281 930 1344 Verres
953 1290 987 1344 et
1009 1280 1181 1344 Antonius
1207 1282 1291 1345 hanc

197 1395 213 1444 8
248 1388 294 1451 illi
321 1388 445 1452 famam
471 1388 779 1465 circumdederunt;
812 1410 879 1451 non
901 1389 979 1472 quia
1004 1390 1091 1452 tanti
1116 1389 1220 1452 fuerit
1247 1390 1292 1453 rei

247 1495 399 1577 publicae
428 1496 533 1560 malos
561 1497 650 1559 ferre
681 1496 771 1560 cives
804 1507 841 1559 ut
875 1498 1011 1560 uberem
1044 1498 1085 1560 ad
1113 1498 1292 1561 dicendum

248 1604 421 1667 materiam
438 1614 586 1668 oratores
612 1606 784 1681 haberent,
804 1606 872 1681 sed,
892 1614 929 1668 ut
954 1606 1095 1668 subinde
1119 1607 1292 1680 admoneo,

247 1712 453 1795 quaestionis
471 1713 721 1776 meminerimus
739 1712 950 1795 sciamusque
963 1734 1024 1776 nos
1037 1714 1078 1776 de
1095 1734 1135 1776 ea
1151 1734 1187 1776 re
1205 1714 1294 1796 loqui

248 1841 332 1905 quae
354 1820 484 1885 facilius
509 1821 652 1884 turbidis
677 1830 712 1884 et
736 1820 895 1903 inquietis
917 1821 1125 1903 temporibus
1151 1822 1293 1885 exsistit.

198 1951 215 2000 9
250 1928 335 2011 Quis
348 1929 479 2012 ignorat
493 1928 608 1993 utilius
625 1950 664 1993 ac
680 1929 800 1992 melius
817 1948 892 1992 esse
908 1929 975 1992 frui
992 1949 1073 2011 pace
1089 1950 1190 2011 quam
1207 1930 1294 1993 bello

247 2036 382 2099 vexari?
432 2036 546 2100 Plures
570 2046 684 2099 tamen
709 2038 814 2100 bonos
839 2037 1055 2118 proeliatores
1084 2036 1171 2100 bella
1195 2058 1295 2119 quam

202 2166 231 2203 ro
248 2166 311 2228 pax
338 2145 462 2210 ferunt.
512 2144 638 2209 Similis
667 2145 879 2228 eloquentiae
905 2145 1065 2210 condicio.
1116 2146 1205 2208 Nam
1231 2166 1295 2229 quo

248 2253 380 2336 saepius
401 2254 533 2316 steterit
553 2263 723 2335 tamquam
744 2254 778 2316 in
798 2254 878 2330 acic,
896 2275 1029 2336 qnoque
1052 2253 1164 2336 plures
1190 2263 1225 2316 et
1250 2255 1296 2316 in-

248 2361 361 2425 tulerit
386 2361 474 2424 ictus
501 2371 535 2424 et
561 2361 739 2444 exceperit,
762 2383 894 2444 quoque
920 2362 1062 2425 maiores
1088 2362 1296 2425 adversarios

248 2469 459 2551 acrioresque
484 2490 614 2551 pugnas
639 2468 703 2533 sibi
728 2468 800 2550 ipsa
824 2469 1058 2550 desumpserit,
1078 2477 1174 2532 tanto
1199 2469 1297 2532 altior

249 2585 282 2640 et
315 2576 477 2640 excelsior
510 2585 542 2639 et
575 2576 639 2639 illis
672 2577 848 2640 nobilitata
883 2576 1132 2640 discriminibus
1167 2577 1203 2640 in
1240 2598 1297 2640 ore

281 2765 306 2814 7.
324 2757 434 2800 tutores
449 2763 530 2800 suos:
543 2750 744 2807 Demosthenes,
796 2751 837 2798 the
843 2757 955 2812 purpose
966 2750 1190 2814 ey'prouidingttie
1198 2758 1297 2798 oratori

248 2817 323 2867 when
346 2817 380 2865 he
405 2831 477 2866 came
501 2816 531 2865 of
553 2831 609 2880 age,
632 2815 746 2879 brought
796 2817 858 2865 with
880 2817 972 2880 fertile
999 2818 1092 2865 tlrcmes
1113 2817 1162 2881 for
1186 2825 1296 2880 oratory.

248 2884 300 2933 suit
317 2883 418 2946 against
435 2882 477 2931 his
493 2882 634 2946 guardians
651 2899 685 2931 on
702 2884 746 2932 the
798 2884 850 2931 For
875 2882 920 2931 the
948 2882 1034 2947 suij.
1060 2898 1104 2931 see
1127 2896 1150 2946 9.
1171 2897 1220 2942 4n.
1246 2900 1297 2931 non

247 2949 350 3014 ground
362 2949 419 2998 that
432 2949 493 3014 they
505 2949 557 2998 had
571 2948 747 3014 iraudulently
797 2951 857 3014 quia
879 2957 1076 3012 portuen-ut
1100 2949 1224 2998 subinde
1249 2950 1298 3000 ad-

248 3015 433 3066 administered
445 3016 489 3064 the
501 3031 548 3078 pro
583 3016 680 3081 rtyleft
692 3016 746 3064 him
797 3030 916 3065 moneo:
934 3031 963 3065 as
981 3031 1024 3078 eg.
1042 3023 1069 3064 at
1090 3016 1134 3064 the
1154 3015 1298 3078 beginning

248 3083 282 3148 by
289 3083 329 3132 his
336 3083 429 3132 father.
447 3083 546 3131 Altera
563 3082 747 3147 engthylitiga-
797 3083 826 3132 of
837 3082 945 3145 chapter
957 3081 1097 3146 36.—sed
1115 3083 1298 3145 quaestionis

248 3150 304 3199 tion
313 3150 347 3199 he
359 3150 446 3214 finally
455 3149 610 3198 abandoned
622 3150 666 3198 the
678 3164 745 3198 case.
797 3149 1023 3207 meminerimus,
1037 3150 1081 3196 but
1096 3150 1131 3197 let
1145 3165 1176 3196 us
1193 3166 1298 3197 remem-

246 3218 327 3267 -=P.
351 3217 504 3280 Quinctius
533 3217 681 3275 defensus,
705 3217 747 3265 the
796 3217 838 3264 ber
849 3217 891 3264 tlte
897 3218 972 3278 point
977 3231 990 3274 ,·
1008 3215 1145 3272 transition
1158 3223 1187 3264 to
1203 3216 1299 3279 aprin-

247 3284 347 3348 defense
366 3284 398 3348 eff
411 3285 440 3332 P.
461 3284 602 3342 Quinctius.
638 3283 703 3331 This
724 3283 745 3332 is
796 3283 863 3346 cipal
876 3283 963 3331 clause
980 3281 1082 3330 instead
1099 3282 1128 3330 of
1146 3281 1191 3331 the
1209 3283 1300 3330 antici·

248 3350 294 3398 the
305 3349 407 3398 earliest
419 3349 449 3398 ol
465 3350 510 3399 the
526 3357 617 3399 extant
629 3349 745 3398 orations
795 3349 874 3414 pated
896 3350 941 3397 scd
960 3351 990 3397 de
1012 3365 1040 3397 ca
1064 3365 1091 3397 re
1113 3350 1299 3412 loquimur.-

248 3416 278 3465 of
295 3416 396 3474 Cicero,
409 3415 538 3466 delivered
550 3416 624 3465 when
642 3415 675 3465 he
692 3431 745 3465 was
796 3416 991 3479 sciamusque,
1003 3417 1060 3464 aud
1073 3417 1108 3464 let
1122 3432 1153 3463 us
1169 3418 1300 3478 recognize

248 3483 310 3548 only
327 3483 482 3548 twenty-five
499 3497 572 3548 years
591 3482 643 3531 old.
679 3482 745 3530 Like
795 3484 837 3531 tlrc
846 3484 910 3547 suet

248 3549 293 3599 the
316 3549 418 3598 oration
441 3549 483 3598 for
503 3549 622 3607 Archias,
643 3548 664 3598 it
686 3564 746 3597 con·
828 3563 853 3609 9.
877 3549 1083 3612 proeliatores:
1123 3548 1149 3596 in
1188 3549 1298 3596 Tacitus

248 3615 343 3665 cerned
366 3617 428 3680 only
449 3616 549 3680 private
572 3616 700 3665 interests.
795 3614 880 3664 found
889 3616 950 3680 only
958 3615 1019 3674 here
1029 3614 1081 3663 arrd
1092 3615 1199 3662 inAnn.
1210 3615 1247 3662 II.
1259 3628 1298 3678 73.

281 3687 306 3731 8.
324 3697 382 3732 non
400 3682 466 3745 quia
485 3682 558 3731 tanti
576 3681 671 3740 tuerit,
688 3689 745 3739 eto,
831 3695 869 3730 ro.
889 3682 1010 3740 steterit,
1028 3681 1163 3739 intulerit,
1182 3689 1244 3730 etc:
1263 3696 1297 3728 sc.

249 3757 293 3797 not
302 3750 359 3797 that
368 3751 391 3797 it
400 3766 453 3797 was
464 3750 545 3797 worth
558 3750 635 3796 while
643 3749 693 3812 for
705 3749 747 3796 the
795 3749 935 3811 eloquentia
951 3746 1116 3811 personified.
1124 3761 1298 3810 -quoque:

249 3817 318 3863 State
339 3824 363 3864 to
379 3816 493 3878 produce
512 3815 562 3864 bad
581 3815 682 3863 citizens
696 3815 747 3879 sor
796 3815 833 3862 ic.
851 3821 875 3862 et
893 3814 1035 3878 qua—in
1065 3827 1113 3862 ore
1143 3814 1297 3862 hominum
