2784 4350
219 370 252 421 56
570 372 597 419 P.
620 370 800 419 CORNELII
825 370 953 418 TACITI
1228 367 1273 426 [80.
1286 367 1312 411 8—

268 548 345 621 apte
370 538 481 601 dicere
505 560 564 621 pro
589 538 753 621 dignitate
777 559 898 627 rerum,
917 539 958 601 ad
983 538 1163 601 utilitatem
1188 546 1313 617 tempo-

220 646 256 710 31
273 668 355 722 rum,
382 667 458 710 cum
482 646 654 728 voluptate
677 647 884 710 audientium
910 647 1025 729 possit.
1077 648 1153 709 Hoc
1179 646 1245 708 sibi
1269 646 1314 707 illi

268 765 399 818 veteres
421 766 666 837 persuaserant,
687 757 729 818 ad
753 757 816 819 hoc
839 756 1049 819 efficiendum
1072 754 1314 836 intellegebant

269 884 353 946 opus
371 884 455 939 esse,
475 884 541 926 non
565 864 652 927 utin
671 865 841 927 rhetorum
865 864 987 927 scholis
1005 864 1234 927 declamarent
1254 883 1315 925 nec

269 981 306 1034 ut
323 972 410 1035 fictis
427 992 490 1035 nec
507 973 574 1036 ullo
591 974 689 1035 modo
711 974 752 1035 ad
774 974 949 1035 veritatem
974 972 1216 1035 accedentibus
1242 992 1316 1035 con-

270 1080 440 1143 troversiis
465 1079 612 1163 linguam
637 1083 736 1143 modo
761 1091 794 1143 et
818 1102 934 1144 vocem
961 1088 1165 1156 exercerent,
1194 1080 1255 1142 sed
1281 1089 1316 1141 ut

270 1188 310 1251 iis
338 1188 465 1251 artibus
498 1199 617 1270 pectus
650 1188 836 1270 implerent,
868 1189 901 1252 in
930 1190 1050 1271 quibus
1080 1190 1121 1251 de
1150 1188 1249 1251 bonis
1280 1209 1317 1251 ac

270 1297 374 1371 malis,
404 1298 446 1359 de
474 1297 616 1361 honesto
649 1307 682 1360 et
715 1298 813 1379 turpi,
844 1299 885 1360 de
913 1298 1001 1360 iusto
1034 1306 1067 1359 et
1097 1297 1224 1358 iniusto
1254 1297 1318 1358 dis-

222 1428 235 1461 2
271 1414 424 1487 putatur;
457 1406 539 1469 haec
561 1406 650 1468 enirn
673 1415 725 1468 est
748 1405 870 1469 oratori
895 1406 1046 1469 subiecta
1069 1405 1110 1467 ad
1135 1404 1317 1467 dicendum

270 1513 419 1577 materia.
469 1515 556 1576 Nam
576 1514 610 1575 in
630 1513 761 1577 iudiciis
783 1514 853 1576 fere
878 1515 919 1577 de
944 1514 1122 1595 aequitate,
1142 1513 1176 1574 in
1193 1508 1320 1574 delibe-

271 1620 456 1684 rationibus
480 1622 522 1684 de
546 1622 700 1698 utilitate,
731 1622 764 1684 in
793 1622 1039 1685 laudationibus
1068 1622 1109 1683 de
1137 1621 1320 1683 honestate

271 1730 476 1805 disserimus,
507 1730 553 1793 ita
585 1739 697 1793 tamen
730 1740 767 1793 ut
799 1731 994 1812 plerumque
1026 1730 1108 1793 haec
1140 1728 1175 1791 in
1207 1728 1319 1791 vicem

223 1863 237 1912 3
272 1838 477 1901 misceantur
487 1859 495 1915 ;
527 1839 569 1901 de
586 1839 705 1921 quibus
723 1839 856 1920 copiose
874 1847 907 1901 et
924 1838 1013 1901 varie
1031 1848 1063 1900 et
1082 1847 1200 1899 ornate
1216 1858 1321 1899 nemo

222 1968 226 1974 ·
271 1947 518 2044 dicere⁴p0test
542 1947 607 2009 nisi
633 1947 689 2029 qui
716 1948 871 2028 cognovit
899 1955 1051 2009 naturam
1077 1945 1260 2008 humanam
1288 1954 1321 2007 et

271 2055 338 2118 vim
367 2055 528 2118 virtutum
557 2056 821 2137 pravitatemque
850 2056 1005 2117 vitiorum
1036 2064 1068 2117 et
1095 2055 1196 2116 habet
1222 2053 1322 2116 intel-

271 2164 395 2228 lectum
428 2185 541 2227 eorum
574 2185 658 2247 quae
691 2185 753 2227 nec
786 2164 820 2227 in
851 2164 1031 2227 virtutibus
1064 2184 1126 2225 nec
1159 2162 1193 2226 in
1224 2162 1322 2225 vitiis

223 2295 238 2341 4
274 2282 499 2336 numerantur.
551 2274 601 2335 Ex
623 2273 675 2335 his
697 2273 849 2336 fontibus
875 2273 975 2335 etiam
1001 2271 1056 2334 illa
1079 2271 1265 2353 profluunt,
1286 2281 1322 2333 ut

272 2381 403 2445 facilius
432 2380 513 2444 iram
543 2380 661 2443 iudicis
688 2381 742 2442 vel
771 2380 910 2462 instiget
938 2379 991 2442 vel
1024 2381 1135 2453 leniat,
1164 2379 1221 2461 qui
1258 2379 1323 2442 scit

272 2489 352 2572 quid
377 2489 432 2565 ira,
461 2497 494 2551 et
520 2489 707 2571 promptius
733 2490 774 2552 ad
801 2489 1049 2552 miserationem
1074 2487 1232 2568 impellat,
1264 2488 1324 2570 qui

274 2599 337 2661 scit
369 2598 448 2680 quid
481 2597 524 2660 sit
557 2597 784 2660 misericordia
816 2607 849 2659 et
882 2597 1002 2680 quibus
1035 2595 1136 2658 animi
1169 2595 1323 2658 motibus

225 2728 238 2780 5
274 2706 470 2771 concitetur.
520 2707 560 2768 In
577 2705 629 2768 his
646 2706 775 2769 artibus
789 2705 1151 2786 exercitationibusque
1163 2714 1324 2766 versatus

273 2823 392 2889 orator,
411 2813 481 2876 sive
498 2815 585 2895 apud
603 2813 745 2876 infestos
769 2814 838 2876 sive
861 2814 948 2894 apud
971 2812 1109 2893 cupidos
1135 2813 1205 2874 sive
1230 2814 1324 2893 apud

273 2987 412 3034 tata—ad
425 2985 579 3035 utilitatem
589 2994 769 3049 temporum:
821 2986 878 3034 that
907 2985 1052 3048 aequitate
1084 2982 1262 3046 corresponds
1297 2992 1326 3033 to

272 3052 348 3102 alain
361 3067 443 3116 away
455 3060 483 3100 to
501 3053 562 3100 take
579 3051 724 3114 advantage
742 3052 770 3100 of
821 3053 898 3102 iusto
927 3059 955 3099 et
985 3051 1092 3100 iniusto
1098 3066 1106 3109 ;
1135 3050 1265 3098 utilitate
1296 3059 1326 3098 to

273 3120 318 3168 the
329 3119 535 3168 circumstances.
821 3119 904 3168 bonis
923 3126 952 3167 et
970 3117 1054 3166 malis
1061 3132 1069 3176 ;
1095 3115 1148 3164 and
1164 3117 1326 3166 honestate

304 3184 350 3242 31.
375 3199 448 3249 opus
467 3199 533 3234 esse
545 3192 591 3235 ut:
614 3200 630 3233 a
644 3200 699 3234 rare
712 3201 770 3234 con·
820 3193 848 3233 to
860 3187 984 3234 honesto
997 3192 1025 3232 et
1038 3183 1158 3246 turpi-
1167 3182 1196 3230 in
1205 3182 1308 3232 vicem
1321 3202 1326 3230 :

272 3252 407 3309 struction,
420 3252 556 3314 occurring
573 3253 673 3300 several
693 3252 769 3301 times
819 3253 856 3301 i.e.
869 3254 937 3300 inter
948 3268 979 3299 se.
1016 3251 1064 3300 See
1078 3264 1115 3298 20.
1131 3261 1145 3314 5
1159 3265 1184 3298 n.

272 3319 298 3368 in
309 3321 416 3368 Plautus
425 3318 477 3366 and
485 3327 533 3367 not
545 3319 685 3383 appearing
693 3319 769 3382 again
852 3334 877 3380 3.
900 3319 959 3374 vim
977 3319 1115 3368 virtutum
1133 3318 1328 3382 pravitatem-

273 3387 338 3435 until
355 3387 485 3437 Tacitus's
502 3387 684 3452 dap-fictis
703 3400 771 3435 con·
822 3401 878 3449 que
894 3387 1042 3436 vitiorum:
1069 3393 1132 3434 note
1150 3386 1194 3434 the
1212 3387 1329 3436 allitera·

273 3456 435 3504 troversiis:
458 3457 589 3519 examples
606 3455 635 3504 of
651 3454 716 3504 such
729 3469 771 3502 are
822 3455 884 3502 tion.
927 3455 989 3502 Intr.
1012 3470 1037 3517 p.
1058 3453 1247 3516 xxii—quae
1268 3490 1274 3502 .
1294 3490 1327 3502 ..

271 3522 348 3584 given
371 3530 398 3570 at
421 3522 465 3571 the
487 3523 538 3572 end
561 3522 590 3572 of
612 3523 720 3586 chapter
732 3534 770 3585 35.
798 3564 800 3568 .
823 3529 1024 3570 numerantur:
1040 3519 1122 3569 called
1134 3519 1168 3584 by
1178 3520 1222 3568 the
1235 3521 1328 3570 Stoics

271 3603 367 3638 —nec
379 3591 438 3640 ullo
451 3591 546 3649 modo,
561 3591 618 3638 and
629 3591 658 3637 in
671 3591 769 3638 nowise.
822 3590 946 3648 ἀδιάφορα.

305 3668 329 3703 2.
354 3657 383 3705 in
401 3655 527 3706 iudiciis:
549 3657 656 3705 Tacitus
667 3655 771 3704 follows
853 3670 878 3716 4.
902 3655 963 3703 illa:
983 3653 1119 3718 explained
1128 3654 1162 3719 by
1170 3655 1215 3702 the
1223 3653 1329 3704 follow-

272 3721 317 3770 the
331 3721 480 3771 traditional
494 3721 606 3772 division
622 3722 652 3771 of
665 3729 770 3787 oratory
820 3722 865 3785 ing
876 3723 1030 3770 ut-clauses.

272 3787 328 3836 into
339 3789 414 3851 legal,
423 3788 629 3854 parliamentary,
639 3788 692 3838 and
701 3789 770 3837 eulo·
854 3803 878 3850 5.
902 3788 1032 3852 cupidos,
1043 3789 1153 3850 partial,
1163 3803 1193 3837 as
1203 3788 1328 3853 opposed

272 3854 360 3916 gistic;
378 3853 411 3903 cf.
420 3855 513 3904 Cicde
522 3856 566 3905 Or.
578 3856 598 3904 1.
609 3868 662 3915 141.
699 3856 769 3904 Note
821 3862 848 3902 to
867 3855 1010 3916 inlest0s;
1040 3854 1072 3903 cf.
1093 3854 1147 3902 Cic.
1167 3856 1196 3903 in
1218 3855 1326 3904 Verrem
