2784 4350
571 343 597 388 P.
617 341 798 388 CORNELII
819 340 948 387 TACITl

1233 337 1270 400 [3.
1285 349 1314 393 5-

262 509 332 590 ipse
353 510 524 591 negotium
549 509 775 590 importasses,
795 516 831 570 ut
857 507 1044 570 Domitium
1070 516 1104 568 et
1129 505 1311 579 Catonem,

261 617 294 680 id
322 625 374 679 est
403 627 534 680 nostras
563 637 694 699 quoque
722 615 878 678 historias
910 623 944 677 et
977 616 1130 677 Romana
1158 613 1311 687 nomina,

263 724 501 788 Graeculorum
518 724 640 786 fabulis
657 722 877 806 adgregares.’

212 832 231 894 i
308 834 352 895 Et
382 835 556 895 Maternus
589 833 822 894 ‘Perturbarer
850 833 911 895 hac
940 842 997 893 tua
1026 831 1216 905 severitate,
1245 831 1315 892 nisi

261 942 419 1023 frequens
437 949 470 1003 et
487 940 626 1003 adsidua
650 940 746 1002 nobis
771 940 944 1003 contentio
969 939 1033 1002 iam
1057 960 1160 1020 prope
1178 938 1215 1000 in
1233 960 1315 1000 con-

212 1071 225 1104 2
262 1048 473 1111 suetudinem
490 1048 656 1112 vertisset.
708 1049 795 1110 Nam
816 1068 878 1111 nec
902 1056 939 1111 tu
964 1047 1090 1128 agitare
1115 1056 1148 1108 et
1173 1046 1315 1128 insequi

260 1165 377 1237 poetas
402 1155 606 1231 intermittis,
632 1164 665 1219 et
690 1176 762 1237 ego,
786 1155 839 1218 cui
863 1155 1023 1218 desidiam
1048 1154 1314 1217 advocationum

261 1263 376 1339 obicis,
395 1263 615 1326 cottidianum
631 1264 695 1327 hoc
712 1263 932 1344 patrocinium
950 1262 1182 1325 defendendae
1196 1263 1316 1325 adver-

211 1395 226 1444 3
262 1393 318 1435 sus
347 1381 381 1434 te
409 1372 559 1453 poeticae
584 1392 732 1435 exerceo.
793 1371 869 1452 Quo
893 1371 999 1433 laetor
1022 1370 1128 1452 magis
1155 1370 1315 1433 oblatum

261 1479 357 1545 nobis
389 1479 541 1554 iudicem,
572 1479 628 1562 qui
660 1501 714 1542 me
742 1479 794 1542 vel
823 1479 856 1541 in
884 1479 1035 1541 futurum
1064 1487 1156 1541 vetet
1189 1499 1316 1541 versus

260 1587 370 1670 facere
386 1587 448 1662 vel,
463 1587 628 1670 quodiam
642 1587 770 1668 pridem
784 1597 872 1668 opto,
888 1608 949 1650 sua
961 1607 1093 1669 quoque
1106 1587 1317 1649 auctoritate

261 1697 446 1777 compellat,
466 1705 501 1758 ut
518 1695 651 1757 omissis
667 1695 852 1757 forensium
878 1716 1051 1758 causarum
1076 1695 1259 1776 angustiis
1279 1696 1315 1757 in

235 1790 380 1887 'quibus
408 1803 489 1866 mihi
519 1803 599 1866 satis
633 1821 798 1885 superque
827 1805 982 1866 sudatum
1011 1813 1072 1877 est,
1104 1802 1314 1866 sanctiorem

259 1911 351 1978 illam,
365 1920 398 1974 et
415 1911 643 1993 augustiorem
661 1912 885 1993 eloquentiam
903 1909 1029 1975 colam’

173 2093 178 2100 .
213 2025 229 2090 5
309 2021 402 2101 ‘Ego
418 2017 516 2082 vero'
543 2019 650 2100 inquit
670 2019 854 2094 Secundus,
876 2029 1073 2101 ‘antequam
1091 2040 1145 2082 me
1162 2020 1315 2083 iudicem
1372 2042 1374 2105 ss

211 2200 214 2207 ¹
260 2129 355 2210 Aper
379 2137 520 2203 recuset,
544 2126 674 2203 faciam,
702 2129 789 2210 quod
814 2127 909 2210 probi
933 2136 967 2190 et
993 2128 1155 2191 moderati
1181 2127 1315 2192 iudices
1372 2120 1374 2143 '

261 2236 379 2312 solent,
406 2245 443 2299 ut
468 2236 502 2298 in
527 2236 568 2299 iis
593 2234 841 2318 cognitionibus
866 2257 903 2299 se
928 2245 1099 2311 excusent,
1126 2236 1160 2297 in
1186 2238 1314 2318 quibus

263 2378 434 2428 Domitium:
452 2377 578 2441 probably
587 2379 615 2425 L.
625 2378 758 2425 Domitius

252 2443 459 2499 Ahenobarbus,
472 2444 564 2492 consul
583 2457 613 2508 54
630 2456 678 2491 nc.
715 2444 758 2491 He

260 2527 312 2559 was
328 2511 393 2559 later
410 2526 426 2557 a
438 2510 560 2572 vigorous
579 2518 713 2573 opponent
731 2510 759 2557 oi

261 2577 345 2638 Julius
369 2576 473 2634 Caesar,
494 2576 545 2625 and
568 2576 613 2624 iell
634 2584 661 2624 at
683 2576 759 2624 Phar-

260 2644 337 2692 salus.
373 2644 405 2691 In
418 2644 462 2691 the
475 2642 537 2691 time
550 2643 580 2691 of
597 2643 640 2691 the
654 2644 759 2706 Empire

260 2710 293 2759 he
315 2726 367 2759 was
391 2708 515 2773 regarded
539 2725 567 2759 as
591 2719 641 2757 one
662 2710 691 2757 oi
714 2709 759 2758 the

260 2776 363 2825 noblest
386 2777 538 2839 champions
562 2776 591 2824 of
619 2776 759 2840 liberty.-

262 2844 485 2893 Graeculorum:
526 2843 570 2891 the
604 2842 758 2891 diminutive

260 2925 372 2974 conveys
384 2918 525 2972 contempt.

292 2974 319 3031 4,
340 2977 476 3039 frequens
496 2985 523 3025 et
543 2971 682 3026 adsidua:
701 2992 758 3041 syn-

260 3059 359 3108 onyms.
401 3043 442 3092 Cf.
467 3057 487 3090 1.
508 3056 566 3103 4η.
588 3046 709 3091 meruoria
735 3049 760 3090 et

260 3112 445 3167 recordatione,·
473 3125 504 3157 so
533 3110 589 3159 also
618 3111 715 3171 agitare
736 3116 761 3158 et

260 3178 360 3239 insequi
371 3177 396 3225 in
409 3176 453 3224 the
470 3176 605 3237 following
622 3176 758 3224 line—in

260 3242 500 3293 consuetudinem
534 3243 689 3291 vertisset:
724 3242 757 3290 cf.

259 3311 326 3357 Hir!¹
343 3310 389 3357 IV.
403 3323 432 3371 27
452 3310 521 3372 qual
538 3316 591 3357 tum
613 3310 641 3356 in
661 3325 755 3357 morem

259 3383 375 3424 verterat.

293 3456 317 3491 a.
350 3443 492 3491 desidiam
523 3443 755 3500 advocationum,

259 3510 353 3572 neglect
365 3510 397 3573 os
406 3510 449 3557 tlte
459 3512 518 3557 law.
554 3509 611 3556 The
625 3524 682 3571 gen.
695 3509 757 3557 with

259 3578 354 3623 desidia
367 3591 458 3625 occurs
470 3576 531 3640 only
540 3576 608 3624 here.
633 3574 690 3623 The
699 3590 757 3623 con-

259 3643 387 3691 struction
414 3643 435 3692 is
462 3643 614 3707 apparently
635 3640 757 3689 modeled

259 3709 326 3757 aiter
337 3708 401 3757 such
415 3709 577 3771 expressions
590 3724 619 3756 as
632 3710 757 3770 neglegen-

259 3777 463 3823 tiaalicuiusrei.
485 3776 756 3824 Onadvocationum

260 3856 303 3891 see
315 3855 335 3889 1.
348 3856 393 3889 an.
418 3843 456 3891 As
468 3844 603 3891 advocatus
614 3841 640 3888 in
653 3840 697 3889 the
711 3841 757 3889 Sil·

809 2393 854 2425 ver
862 2379 919 2440 Age
931 2376 984 2424 had
996 2376 1118 2440 acquired
1130 2377 1175 2426 the
1186 2379 1316 2441 meaning
1372 2433 1373 2446 χ

809 2443 838 2491 of
849 2451 984 2505 patronus,
997 2459 1028 2492 so
1044 2445 1173 2491 advocatio
1191 2445 1261 2491 took
1278 2462 1315 2493 on
1372 2457 1374 2472 '

810 2510 854 2557 the
874 2526 950 2559 sense
970 2510 1000 2558 oi
1022 2511 1316 2572 patrocinium—de·

811 2576 971 2625 {endendae
990 2578 1139 2640 poeticae:
1160 2578 1317 2640 explaining

809 2645 992 2705 patrocinium,
1009 2644 1102 2691 -the
1131 2644 1316 2707 appositional
1372 2665 1374 2668 ·

809 2710 939 2773 genitive;
958 2712 1001 2758 Gr.
1016 2725 1071 2770 214,
1077 2711 1103 2773 s.

842 2791 866 2837 3.
891 2777 1032 2825 iudicem:
1055 2779 1102 2825 viz.
1122 2777 1317 2827 Secundus.—

810 2844 880 2891 mihi
889 2844 1024 2893 sudatum
1035 2852 1090 2891 est:
1103 2843 1155 2892 dat.
1166 2844 1196 2892 oi
1203 2860 1315 2909 agency.

808 2910 923 2959 -satis
940 2924 1084 2973 superque
1099 2911 1261 2959 sudatum:
1280 2914 1317 2959 al-

808 2976 945 3024 literation.
982 2977 1031 3025 See
1045 2990 1066 3023 2.
1081 2989 1091 3023 1
1106 2979 1316 3027 n.-sanctio·

810 3057 870 3091 rem
898 3043 1113 3106 eloquentiam:
1145 3046 1182 3091 ie.
1209 3054 1315 3109 poetry.

810 3111 1003 3173 (ineloquentia
1016 3110 1043 3157 in
1057 3110 1100 3157 the
1116 3110 1220 3172 general
1234 3126 1316 3159 sense

809 3175 839 3222 of
848 3178 957 3238 literary
968 3178 1114 3237 expression
1126 3177 1159 3224 ci.
1175 3190 1212 3225 10.
1230 3188 1253 3240 5.

842 3239 868 3297 5,
889 3250 1044 3305 antequam
1063 3251 1178 3292 recuset
1190 3260 1196 3290 ι
1209 3244 1316 3309 'imply-

808 3308 852 3371 ing
869 3325 990 3372 purpose,
1009 3309 1156 3372 equivalent
1174 3316 1202 3357 to
1221 3326 1256 3357 m
1277 3328 1317 3359 rc-

807 3382 880 3432 cuset,
910 3376 992 3423 hence
1022 3376 1067 3423 the
1096 3375 1192 3439 suij.;
1224 3377 1315 3441 Roby,

807 3443 865 3490 Lat.
886 3442 974 3490 Gram.
996 3442 1145 3502 1672.-ut
1166 3457 1199 3490 se
1221 3458 1316 3493 excu-

808 3516 891 3557 sent:
909 3509 1078 3574 explanatory
1090 3508 1119 3556 of
1130 3510 1214 3571 quod.
1254 3511 1316 3558 The

808 3575 957 3637 expression
981 3575 1003 3623 is
1024 3591 1040 3623 a
1060 3576 1188 3624 technical
1208 3591 1265 3625 one
1286 3578 1316 3625 in

807 3640 913 3704 judicial
941 3641 1091 3705 procedure.
1138 3644 1199 3707 Any
1228 3642 1317 3707 judge

807 3707 904 3770 having
926 3724 942 3755 a
964 3708 1151 3771 preconceived
1177 3710 1317 3775 partiality

807 3774 849 3822 ior
861 3774 944 3823 either
956 3783 1031 3839 party
1043 3774 1068 3822 in
1080 3791 1097 3824 a
1113 3775 1164 3823 suit
1177 3792 1232 3825 was
1249 3777 1316 3825 held

807 3842 833 3889 in
862 3840 926 3907 duty
948 3840 1039 3890 bound
1065 3849 1093 3889 to
1117 3840 1254 3892 withdraw
1279 3848 1317 3907 (se
