2784 4350
561 366 588 414 P.
610 366 791 415 CORNELII
815 366 929 415 TACIT
932 366 944 414 1

1214 364 1259 425 [25.
1274 380 1299 409 r-

203 531 241 595 25
299 535 386 596 Tum
405 534 583 597 Messalla:
611 535 761 617 ‘Sequar
777 534 1016 616 praescriptam
1033 555 1053 597 a
1069 544 1113 610 te,
1134 536 1295 611 Materne,

252 641 416 718 formam;
447 662 556 724 neque
582 643 670 704 enim
692 643 749 705 diu
775 642 1092 706 contradicendum
1118 652 1171 705 est
1194 643 1296 725 Apro,

254 750 322 831 Qui
344 750 496 832 primum,
516 760 552 813 ut
575 750 702 833 opinor,
727 751 872 814 nominis
897 751 1160 814 controversiam
1185 752 1296 827 movit,

254 850 424 941 tamquam
444 880 560 941 parum
583 859 714 941 proprie
737 859 866 941 antiqui
888 869 1098 935 vocarentur,
1117 880 1202 942 quos
1221 860 1299 923 satis

204 988 217 1020 2
253 976 385 1030 constat
413 978 492 1030 ante
521 977 656 1031 centum
685 986 791 1031 annos
819 967 934 1031 fuisse.
998 968 1086 1031 Mihi
1117 978 1232 1031 autem
1260 970 1299 1031 de

251 1076 413 1139 vocabulo
429 1096 540 1157 pugna
553 1096 620 1138 non
634 1086 685 1138 est
699 1098 705 1139 :
731 1076 800 1139 sive
819 1076 891 1139 illos
905 1076 1060 1158 antiquos
1074 1076 1144 1139 sive
1158 1076 1299 1139 maiores

253 1184 323 1247 sive
335 1205 401 1266 quo
418 1184 482 1246 alio
499 1184 624 1247 mavult
641 1185 777 1247 nomine
794 1184 949 1266 appellet,
964 1185 1044 1247 dum
1062 1186 1161 1247 modo
1178 1185 1213 1246 in
1228 1206 1300 1249 con-

252 1292 343 1356 fesso
362 1293 404 1355 sit
426 1291 682 1355 eminentiorem
706 1292 836 1355 illorum
859 1301 1048 1373 temporum
1071 1293 1298 1375 eloquentiam

203 1423 218 1473 3
252 1400 367 1464 luisse.
428 1402 480 1463 Nc
512 1400 559 1462 illi
585 1401 719 1483 quidem
748 1400 834 1482 parti
863 1401 1027 1463 sermonis
1052 1400 1124 1464 eius
1150 1422 1300 1483 repugno

254 1530 319 1591 qua
335 1509 430 1592 quasi
453 1508 604 1571 cominus
622 1508 716 1571 nisus
738 1509 864 1571 fatetur
886 1509 998 1591 plures
1021 1509 1146 1572 formas
1169 1509 1301 1572 dicendi

203 1641 219 1686 4
254 1618 354 1705 etiam
379 1617 485 1679 isdem
512 1617 662 1691 saeculis,
682 1618 804 1680 nedum
830 1616 979 1692 diversis,
1002 1616 1183 1682 exstitisse.
1236 1618 1301 1681 Sed

253 1746 319 1808 quo
332 1726 430 1787 modo
443 1725 530 1787 inter
543 1724 679 1788 Atticos
697 1734 846 1788 oratores
863 1724 989 1807 primae
1007 1726 1232 1788 Demostheni
1248 1725 1301 1788 tri-

254 1835 411 1909 buuntur,
430 1833 616 1915 proximum
634 1842 746 1896 autem
764 1832 873 1897 locum
892 1832 1082 1897 Aeschines
1103 1842 1136 1896 et
1159 1833 1301 1917 Hyperi·

254 1944 313 2006 des
341 1952 373 2005 et
403 1942 522 2025 Lysias
549 1950 582 2004 et
611 1942 787 2025 Lycurgus
816 1942 980 2017 obtinent,
1009 1942 1158 2005 omnium
1189 1951 1301 2004 tamen

207 2072 219 2123 5
255 2071 417 2115 concessu
450 2051 532 2113 haec
561 2060 729 2113 oratorum
759 2059 851 2113 aetas
883 2050 1026 2113 maxime
1058 2050 1227 2131 probatur,
1255 2050 1301 2112 sic

254 2160 341 2242 apud
363 2180 424 2222 nos
448 2158 565 2222 Cicero
590 2158 724 2242 quidem
750 2168 879 2223 ceteros
905 2159 1086 2222 eorundem
1111 2168 1301 2240 temporum

287 2332 331 2391 25.
362 2334 494 2392 formam,
516 2336 590 2396 plan.
605 2361 639 2370 -
656 2349 750 2397 neque

254 2403 312 2460 diu,
324 2408 397 2448 atne
409 2407 486 2463 great
495 2401 581 2463 length
590 2416 602 2457 ‚·
619 2403 666 2448 diu
677 2416 707 2449 as
725 2402 751 2449 in

256 2482 293 2515 11.
307 2481 361 2514 r.-
368 2467 494 2515 nominis
511 2467 751 2516 controversiam:

253 2536 290 2582 ie.
304 2534 348 2581 the
361 2533 506 2581 discussion
524 2532 605 2581 about
623 2534 668 2582 the
680 2532 751 2581 word

253 2601 397 2664 antiqui.—
404 2600 632 2648 controversiam
645 2600 750 2648 movit:

253 2667 286 2716 cf.
313 2666 349 2716 16.
370 2680 380 2714 1
406 2668 574 2730 quaestionem
599 2668 752 2715 movisti.—

254 2742 403 2797 tamquam
417 2751 422 2780 z
451 2748 496 2782 see
517 2747 554 2782 ιο.
575 2748 591 2793 4
603 2749 628 2780 n.
640 2761 673 2767 —
686 2746 751 2780 cen·

254 2809 329 2850 tum:
350 2801 394 2849 the
412 2799 497 2848 round
514 2799 631 2856 number,
649 2798 752 2848 instead

253 2868 283 2916 oi
293 2874 391 2915 centum
404 2874 428 2915 et
438 2869 533 2929 vrginti
542 2882 572 2915 as
584 2866 675 2915 above.

286 2947 309 2982 a.
330 2935 392 2983 sive
410 2934 475 2983 illos
493 2934 648 2996 antiquos.
662 2968 669 2981 .
683 2968 690 2980 .
703 2947 752 2995 ap·

254 3001 350 3064 pellet,
363 3002 398 3048 let
408 3001 463 3047 him
475 3002 529 3048 eall
538 3001 604 3047 them
620 2999 752 3062 ‘antiqua'

253 3084 283 3115 or
294 3067 432 3124 ‘maiorm'
444 3083 474 3114 or
485 3068 515 3129 by
525 3082 578 3128 any
589 3067 661 3113 other
677 3082 753 3113 name

253 3135 284 3182 he
301 3133 488 3198 prestre—in
507 3133 643 3182 confesso
662 3133 713 3181 sit:
737 3147 753 3180 a

253 3201 462 3264 post-Augustan
471 3200 539 3247 iorm
549 3199 578 3246 oi
587 3199 751 3262 expression;

253 3267 286 3316 cf.
297 3270 359 3330 Agr.
375 3281 384 3315 1
400 3269 428 3314 in
440 3273 532 3329 aperto.

286 3349 311 3395 3.
335 3334 376 3382 illi
394 3334 469 3396 parti
491 3333 649 3382 sermonis:
673 3331 753 3380 allud-

253 3401 297 3464 ing
319 3400 484 3514 particularly
505 3408 533 3447 to
556 3400 601 3447 the
624 3399 752 3461 thoughts

253 3465 393 3515 contained
410 3467 436 3514 in
452 3480 461 3513 1
483 3467 558 3526 .4in
569 3467 630 3513 'illei
647 3481 752 3529 quoque,

253 3550 315 3597 quas
326 3535 419 3581 vocatis
430 3535 548 3596 antiquos
559 3534 652 3594 plures
662 3534 753 3594 speeies

253 3601 411 3663 deprehendi,
426 3617 470 3648 nec
483 3602 569 3648 statim
582 3601 692 3647 deterius
703 3614 753 3646 esse

254 3669 322 3729 quod
343 3669 472 3716 diversum
496 3673 644 3729 est-qua
669 3665 752 3728 quasi

255 3734 387 3781 cominus
406 3733 498 3791 nisus,
511 3734 600 3790 where,
613 3735 715 3795 coming
730 3739 753 3779 te

254 3799 317 3845 close
339 3805 462 3860 quarters,
486 3816 513 3846 so
530 3806 555 3846 ta
576 3801 670 3861 speak;
694 3813 753 3846 con-

255 3864 357 3926 tinuing
366 3863 410 3911 the
419 3863 500 3925 figure
509 3864 595 3927 begun
608 3866 751 3928 inpugna,

803 2348 941 2398 repugno.
988 2333 1114 2382 Messalla
1133 2348 1225 2382 means
1245 2332 1303 2381 that

803 2401 881 2463 Aper,
894 2400 963 2448 after
974 2415 990 2448 a
1001 2399 1167 2464 preliminary
1178 2398 1302 2448 skirmish

802 2467 883 2515 about
895 2467 939 2514 the
952 2466 1074 2529 meaning
1085 2465 1115 2514 of
1125 2468 1237 2531 antiqui,
1250 2465 1303 2514 had

803 2541 829 2581 at
846 2533 897 2582 last
914 2531 1040 2596 grappled
1051 2532 1113 2580 with
1131 2532 1172 2581 his
1190 2531 1302 2596 subject.

803 2600 846 2648 On
855 2599 900 2648 the
909 2599 1059 2663 expression
1072 2599 1206 2648 cominus
1219 2600 1303 2648 nisus

802 2665 834 2714 cf.
847 2668 919 2714 Ann.
933 2666 979 2714 IV.
995 2679 1022 2731 51
1037 2668 1173 2715 adversum
1187 2668 1305 2714 resisten-

802 2735 835 2780 tis
851 2735 967 2781 cominus
984 2733 1215 2782 nita-fatetur:
1233 2740 1305 2796 post·

803 2800 942 2862 Augustan
959 2799 1002 2848 ior
1018 2801 1087 2857 dicit,
1100 2815 1129 2848 as
1145 2800 1173 2848 in
1189 2812 1227 2860 17.
1240 2814 1306 2860 4.-

803 2866 912 2915 iormas
931 2866 1053 2924 dicendi,
1066 2868 1141 2928 styles
1152 2867 1185 2930 of
1192 2873 1304 2928 oratary.

835 2948 860 2994 4.
884 2947 941 2996 quo
960 2933 1062 2981 modo:
1081 2948 1137 2982 rare
1152 2931 1245 2981 before
1260 2933 1306 2981 the

803 3000 1002 3062 Augustanera.
1033 2998 1090 3048 The
1097 2998 1193 3062 phrase
1201 2999 1307 3063 usually

803 3066 878 3114 takes
896 3065 940 3114 the
958 3065 1027 3113 form
1046 3082 1119 3128 quem
1138 3067 1306 3114 admodum.

803 3133 977 3195 -primaez
1005 3149 1037 3180 sc.
1056 3139 1153 3194 partes,
1177 3133 1219 3180 the
1239 3132 1308 3195 first

798 3200 926 3261 plaea-
942 3199 1078 3263 originally
1111 3214 1129 3247 a
1166 3198 1306 3247 theatrical

804 3272 877 3324 term,
906 3267 948 3314 the
975 3267 1081 3328 leading
1107 3265 1214 3314 rdle.-
1230 3267 1308 3313 haec

803 3340 949 3381 oratorum
968 3340 1067 3380 aetas:
1087 3334 1125 3379 ie.
1137 3333 1232 3380 hortem
1250 3349 1309 3380 ora·

802 3405 886 3448 torum
905 3405 974 3447 aetas
981 3415 992 3455 ;
1011 3397 1042 3446 cf.
1056 3412 1078 3446 2.
1094 3412 1104 3446 1
1119 3415 1146 3447 eo
1162 3401 1311 3462 tragoediae

802 3465 1251 3584 thamnatsare
1262 3467 1310 3600 ti}

803 3598 859 3646 hali
876 3614 892 3648 a
909 3607 1016 3666 century
1028 3615 1058 3649 or
1075 3615 1163 3662 more;
1182 3610 1228 3668 yet
1245 3610 1276 3652 at
1295 3617 1311 3650 a

804 3665 920 3716 distance
929 3666 959 3716 of
969 3667 1030 3716 four
1038 3667 1169 3718 centuries
1179 3669 1311 3719 Messalla

804 3731 867 3782 does
879 3742 926 3784 not
939 3734 1051 3784 hesitate
1063 3743 1091 3784 to
1099 3735 1168 3785 class
1177 3735 1235 3785 him
1244 3736 1311 3785 with

804 3799 848 3848 the
860 3801 957 3850 others.

838 3880 862 3928 5.
888 3867 997 3928 Cicero,
1023 3869 1141 3927 Calvus,
1164 3877 1232 3918 ete:
1257 3868 1312 3918 this
