2784 4350
100 390 121 433 5.
133 383 157 444 4]
393 385 581 432 DIALOGVS
604 385 653 432 DE
677 385 923 434 ORATORIBVS.
1185 385 1199 435 7

100 551 315 614 manifestum
339 560 391 614 est
413 552 551 614 alteram
576 553 664 634 apud
689 573 747 615 eos
772 563 901 634 partem
927 554 1034 635 gratia
1058 574 1149 634 prae-

99 659 218 723 valere.
270 659 355 740 Quis
372 659 461 722 enim
480 660 587 722 nescit
605 661 774 722 neminem
789 660 870 722 mihi
884 661 1147 723 coniunctiorem
1184 684 1197 716 2

100 788 175 831 esse
199 777 232 830 et
256 789 318 830 usu
341 767 508 830 amicitiae
531 777 565 830 et
587 769 790 831 adsiduitate
813 769 1024 831 contubernii
1048 791 1147 851 quam

100 876 248 940 Saleium
268 877 417 951 Bassum,
437 897 511 939 cum
530 876 693 958 optimum
711 877 817 939 virum
844 885 915 939 tum
940 877 1148 940 absolutissi-

98 1006 190 1047 mum
208 985 365 1066 poetam?
416 985 515 1047 Porro
541 985 569 1047 si
594 985 727 1065 poetica
750 994 935 1059 accusatur,
955 1005 1022 1046 non
1047 986 1147 1048 alium

97 1093 195 1155 video
213 1115 306 1156 reum
324 1092 597 1175 locupletiorem’

148 1201 314 1264 ‘Securus
331 1200 392 1263 sit’
412 1201 519 1283 inquit
538 1201 632 1282 Aper
652 1212 704 1264 ‘et
724 1202 854 1265 Saleius
872 1203 996 1265 Bassus
1014 1211 1048 1264 et
1061 1203 1148 1284 quis·
1184 1226 1197 1274 3

98 1309 173 1392 quis
190 1309 275 1372 alius
293 1309 439 1371 studium
457 1309 609 1391 poeticae
627 1319 660 1371 et
678 1311 862 1373 carminum
880 1310 1019 1392 gloriam
1044 1310 1145 1386 fovet,

98 1439 176 1480 cum
205 1438 322 1480 causas
351 1437 451 1499 agere
480 1438 547 1479 non
575 1417 692 1499 possit.
755 1419 828 1500 Ego
855 1418 954 1493 enim,
983 1427 1148 1500 quatenus

97 1525 261 1588 arbitrum
283 1525 351 1588 litis
372 1525 472 1587 huius
498 1546 565 1587 non
592 1525 714 1600 inveni,
733 1546 800 1587 non
825 1525 933 1607 patiar
956 1527 1148 1595 Maternum

98 1633 263 1696 societate
288 1633 432 1714 plurium
458 1632 602 1707 defendi,
622 1634 680 1695 sed
706 1633 815 1714 ipsum
841 1633 948 1695 solum
974 1635 1061 1714 apud
1086 1655 1148 1696 nos
1183 1657 1197 1702 4

97 1762 246 1823 arguam,
262 1741 351 1823 quod
364 1751 464 1804 natus
476 1741 518 1803 ad
532 1740 757 1822 eloquentiam
771 1741 898 1803 virilem
912 1751 946 1804 et
960 1743 1146 1818 oratoriam,

97 1871 165 1932 qua
181 1869 297 1931 parere
315 1849 413 1911 simul
439 1858 472 1911 et
497 1849 584 1911 tueri
608 1849 782 1923 amicitias,
801 1849 988 1912 adsciscere
1005 1851 1148 1913 necessi-

97 1957 244 2032 tudines,
273 1957 449 2038 complecti
478 1957 666 2039 provincias
691 1957 807 2038 possit,
834 1957 959 2019 omittit
985 1958 1142 2032 studium,

97 2087 165 2148 quo
193 2073 266 2127 'non
298 2065 386 2128 aliud
420 2065 453 2127 in
495 2065 629 2128 civitate
663 2075 778 2128 nostra
809 2065 862 2127 vel
894 2067 935 2128 ad
967 2066 1148 2129 utilitatem
1197 2079 1227 2105 ’-

96 2173 305 2238 fructuosius
329 2173 379 2235 vel
400 2174 441 2236 ad
466 2174 672 2255 voluptatem
698 2173 874 2237 iucundius
900 2174 952 2236 vel
977 2176 1017 2237 ad
1043 2174 1148 2256 digni·
1187 2205 1190 2212 ¹
1265 2246 1268 2249 ,

96 2292 205 2345 tatem
234 2282 377 2364 amplius
403 2282 455 2344 vel
484 2283 526 2345 ad
555 2283 646 2345 urbis
674 2283 797 2350 famam
830 2282 1000 2363 pulchrius
1029 2284 1081 2345 vel
1107 2285 1148 2345 ad
1183 2300 1186 2350 ζ
1247 2312 1249 2316 ’

94 2424 229 2482 excusare)
249 2422 359 2471 without
376 2421 481 2485 waiting
497 2423 539 2470 for
557 2423 597 2471 his

95 2489 211 2539 attitude
229 2497 257 2537 to
275 2488 307 2538 be
325 2488 597 2551 challenged-alte-

94 2571 161 2605 ram
181 2556 400 2617 (=nlterutram)‚
426 2572 471 2603 one
493 2558 546 2603 side
569 2572 599 2603 or

92 2623 227 2672 tlzeotler.

131 2703 156 2737 2.
176 2688 365 2747 contubernii,
378 2690 505 2752 familiar
522 2692 598 2737 inter·

91 2770 251 2813 course,-a
262 2756 471 2818 post-Augustas
484 2772 560 2804 sense
569 2755 598 2803 of

93 2824 143 2872 the
159 2822 237 2878 word,
251 2821 386 2883 occurring
403 2823 459 2870 also
477 2822 503 2871 in
524 2836 560 2886 13.
575 2836 596 2869 r.

91 2889 256 2939 -Saleius
282 2890 415 2937 Bassus:
443 2904 459 2936 a
483 2887 598 2937 talented

91 2958 145 3005 but
168 2954 251 3020 needy
271 2955 327 3017 epic
351 2962 413 3018 poet
435 2954 545 3003 favored
564 2954 598 3020 by

92 3022 259 3085 Vespasian,
289 3021 321 3070 cf.
344 3022 434 3082 Quint.
459 3022 492 3069 X.
519 3036 539 3069 ι.
565 3037 597 3085 90

91 3090 231 3138 vehemens
258 3095 282 3136 et
311 3090 433 3150 poeticum
465 3090 595 3151 ingenium

90 3156 261 3204 Stlrit'Bassi
260 3157 458 3219 suia-porro,
466 3156 596 3219 therefore.

90 3235 219 3271 —reum
238 3222 470 3285 locupletiorem:
487 3221 519 3270 cf.
534 3222 598 3286 Livy

93 3289 147 3337 IX.
159 3301 183 3350 9.
198 3288 227 3337 18
246 3305 291 3335 tros
302 3304 392 3335 suerrus
410 3290 449 3336 rei
461 3290 523 3337 satis
534 3291 598 3336 locu-

84 3356 371 3419 pletes,-sufficiently
381 3356 532 3417 responsible
536 3362 597 3417 par-

91 3424 149 3471 ties.
175 3422 211 3469 So
220 3421 277 3470 also
287 3421 312 3469 in
321 3421 366 3469 the
374 3421 481 3484 phrases
489 3424 598 3483 locuples

90 3494 191 3545 auctor,
205 3489 313 3549 locuples
324 3490 398 3547 testis,
415 3504 432 3537 a
448 3490 598 3551 responsible

91 3556 205 3603 witness.
244 3554 275 3603 In
297 3554 341 3603 the
362 3563 467 3618 present
487 3570 596 3618 passage

92 3622 142 3670 the
154 3628 260 3670 context
278 3620 405 3671 demands
418 3622 463 3670 the
475 3622 597 3684 meaning

90 3706 110 3737 a
130 3704 199 3737 neore
216 3690 322 3736 suitable
339 3689 482 3753 dependant,
496 3690 533 3736 ie.
546 3703 596 3736 one

92 3753 155 3803 who
175 3754 263 3803 would
280 3770 352 3803 more
369 3755 490 3819 properly
508 3754 540 3803 be
561 3770 597 3803 ar-

90 3820 211 3884 raigned.
248 3820 384 3870 Secundus
397 3837 487 3871 means
505 3828 533 3870 to
551 3837 597 3887 say

91 3888 154 3939 that
171 3887 193 3937 il
213 3903 265 3953 any
284 3888 374 3937 attack
394 3888 416 3938 is
437 3886 513 3937 made
526 3904 596 3952 upon

649 2432 748 2487 poetry,
778 2423 840 2471 then
870 2423 902 2471 he
930 2423 995 2472 feels
1021 2424 1078 2472 that
1108 2425 1148 2473 his

649 2506 708 2538 own
725 2488 810 2538 friend
829 2490 930 2538 Saleius
944 2489 1048 2547 Bassus,
1061 2506 1077 2537 a
1088 2506 1147 2539 man

649 2572 726 2620 every
737 2555 796 2604 inch
810 2572 826 2603 a
838 2564 908 2618 poet,
918 2556 939 2604 is
952 2556 1074 2605 attacked
1088 2565 1148 2616 too,

649 2622 730 2671 hence
748 2622 781 2671 he
799 2631 895 2670 cannot
913 2630 954 2670 act
975 2638 1004 2671 as
1024 2621 1104 2687 judge
1122 2624 1148 2671 in

649 2689 693 2737 the
705 2696 881 2753 controversy.

681 2770 707 2816 3.
725 2769 846 2805 securus
866 2755 912 2815 sit,
934 2764 995 2804 ete:
1017 2756 1085 2805 ‘’Tis
1102 2765 1149 2805 not

648 2838 664 2871 a
686 2822 808 2886 question
837 2822 952 2870 between
980 2831 1073 2887 poetry
1097 2822 1149 2871 and

649 2896 768 2952 oratory;
800 2890 812 2936 Ι
831 2904 873 2936 am
892 2889 986 2953 simply
1003 2890 1150 2952 arraigning

650 2956 785 3004 Maternus
808 2956 956 3020 personally
976 2956 1019 3004 lor
1039 2957 1149 3018 neglect-

649 3022 692 3084 ing
712 3022 753 3070 his
770 3023 872 3070 natural
889 3023 1086 3085 gifts.’‘-cum
1099 3058 1106 3070 .
1120 3058 1148 3071 ..

649 3089 760 3151 possit:
778 3088 833 3152 join
846 3090 943 3153 closely
957 3090 1018 3137 with
1027 3091 1106 3153 fovet.
1115 3117 1149 3124 —

649 3163 802 3218 quatenus,
816 3157 921 3203 because.
959 3157 989 3203 In
1007 3155 1059 3204 this
1072 3172 1148 3204 sense

649 3222 693 3269 the
717 3221 788 3269 word
812 3223 834 3270 is
857 3222 970 3285 poetical
999 3221 1051 3270 and
1079 3230 1149 3286 post·

649 3290 985 3351 Augustam—societate
1005 3290 1148 3353 pluriumz

648 3356 685 3403 ie.
712 3354 746 3419 by
773 3356 817 3403 the
843 3356 897 3404 lact
922 3356 979 3403 that
1007 3355 1079 3403 there
1105 3372 1148 3403 are

648 3438 726 3486 many
738 3422 827 3471 others
841 3422 893 3471 like
907 3422 1147 3486 him-plurium:

648 3488 709 3536 here
718 3509 751 3529 =
758 3491 939 3551 complurium.

680 3571 706 3616 4.
718 3554 830 3604 virilem
840 3563 868 3604 et
877 3556 1042 3614 oratoriam,
1050 3556 1148 3618 wortlry

647 3638 663 3669 n
676 3638 737 3669 man
749 3623 849 3669 andan
860 3622 1147 3685 oraton—complecti

648 3687 826 3752 provincias:
838 3706 870 3737 sc.
880 3690 1029 3750 patrocinio,
1043 3690 1081 3735 ie.
1090 3703 1148 3736 con-

647 3755 739 3803 stitute
756 3755 829 3803 one’s
844 3756 895 3803 seli
912 3755 956 3803 the
974 3755 1148 3819 protectores

648 3821 715 3869 their
726 3820 981 3871 interests—urbis:
993 3823 1150 3884 throughout

647 3889 688 3936 tlte
700 3888 756 3950 city.
768 3887 805 3936 So
813 3887 870 3937 also
879 3887 1146 3951 imperii,gentium.
