2784 4350
99 391 145 435 nr.
157 393 182 458 2]

386 390 575 441 DIALOGVS
597 393 647 440 DE
669 391 914 441 ORATORIBVS.

101 560 264 635 constitui,
283 578 346 622 nec
369 558 548 622 comitatus
573 559 656 622 istos
681 568 715 622 et
740 579 897 641 egressus
913 566 970 621 aut
986 558 1141 641 frequen-

100 670 175 732 tiam
193 666 410 731 salutantium
435 666 645 748 concupisco,
665 688 733 730 non
758 667 865 749 magis
890 687 989 749 quam
1014 687 1090 728 aera
1108 676 1139 728 et

100 776 267 858 imagines,
298 795 383 857 quae
411 775 512 837 etiam
544 794 598 837 me
630 776 766 838 nolente
798 775 832 838 in
865 775 1000 837 domum
1033 795 1140 837 meam

101 886 302 966 inruperunt.
362 884 449 946 Nam
490 893 614 947 statum
651 885 813 966 cuiusque
847 904 886 947 ac
926 884 1140 948 securitatem
1178 907 1190 958 5

99 993 213 1056 melius
238 992 431 1056 innocentia
454 1001 569 1056 tuetur
592 1014 691 1075 quam
716 993 914 1075 eloquentia,
940 1013 1001 1056 nec
1025 1013 1142 1056 vereor

100 1122 140 1165 ne
166 1101 248 1164 mihi
280 1122 437 1184 umquam
469 1102 571 1165 verba
602 1101 636 1163 in
668 1111 788 1164 senatu
820 1101 885 1164 nisi
916 1121 976 1182 pro
1003 1100 1141 1165 alterius

99 1209 286 1274 discrimine
317 1209 471 1273 facienda
503 1210 580 1274 sint.

654 1210 801 1272 Nemora
832 1229 910 1272 vero
943 1218 976 1272 et
1009 1209 1074 1273 luci
1106 1218 1139 1272 et
1154 1208 1189 1271 12

100 1328 263 1382 secretum
289 1318 408 1399 ipsum,
436 1320 525 1400 quod
553 1318 647 1399 Aper
673 1318 877 1399 increpabat,
905 1326 1033 1380 tantam
1060 1317 1141 1380 mihi

99 1426 251 1489 adferunt
283 1426 499 1507 voluptatem,
534 1434 570 1488 ut
605 1425 693 1488 inter
726 1425 922 1506 praecipuos
957 1425 1140 1488 carminum

98 1535 226 1597 fructus
254 1553 437 1609 numerem,
465 1534 553 1615 quod
581 1554 648 1596 non
676 1533 711 1595 in
741 1533 884 1614 strepitu
911 1553 974 1596 nec
1003 1534 1142 1596 sedente

98 1651 175 1705 ante
202 1642 325 1704 ostium
353 1641 522 1723 litigatore
554 1661 616 1705 nec
649 1641 738 1704 inter
769 1642 885 1704 sordes
917 1661 955 1704 ac
987 1641 1141 1704 lacrimas

98 1769 228 1812 reorum
246 1756 502 1829 componuntur,
522 1750 580 1812 sed
603 1748 730 1812 secedit
751 1748 882 1811 animus
908 1748 941 1810 in
966 1747 1039 1811 loca
1059 1770 1142 1830 pura

97 1866 197 1939 atque
232 1856 425 1919 innocentia
463 1856 652 1939 fruiturque
688 1857 824 1920 sedibus
860 1855 971 1920 sacris.
1045 1857 1141 1920 Haec
1176 1887 1189 1920 2

97 1964 307 2047 eloquentiae
335 1963 524 2045 primordia,
554 1965 635 2028 haec
667 1964 874 2046 penetralia;
905 1963 969 2027 hoc
997 1963 1140 2046 primum

96 2073 213 2135 habitu
241 2072 400 2154 cultuque
429 2074 602 2136 commoda
630 2073 826 2135 mortalibus
853 2072 886 2134 in
911 2072 967 2136 illa
990 2081 1084 2135 casta
1107 2082 1140 2135 et

96 2236 170 2284 istos
189 2243 217 2283 et
235 2249 374 2298 egressus
392 2242 442 2283 aut
461 2235 593 2297 frequen-

95 2302 185 2350 tiam:
215 2301 275 2349 with
299 2301 429 2349 reference
450 2308 478 2349 to
500 2301 593 2363 Aper's

95 2368 181 2416 words
188 2368 215 2415 in
222 2382 246 2430 9.
252 2382 279 2431 35
292 2368 448 2417 comitatus
458 2376 486 2417 et
497 2381 594 2430 egres-

94 2449 147 2484 sus
157 2433 316 2497 correspond
325 2442 353 2481 to
363 2435 468 2490 deducit,
476 2433 528 2482 and
538 2435 593 2482 fre-

93 2500 244 2564 quentiam
255 2500 443 2550 salutantium
452 2507 480 2548 to
489 2502 591 2548 salutat.

95 2568 149 2615 For
172 2567 217 2615 the
239 2567 401 2616 substantive
425 2581 470 2615 use
494 2566 523 2614 of
548 2566 592 2615 the

90 2633 228 2698 participle
245 2634 433 2683 salutantium
451 2649 495 2682 see
507 2633 530 2682 6.
543 2633 591 2682 6n.

90 2702 360 2749 dicentium-aera
385 2707 413 2747 et
438 2700 591 2763 imagines,

89 2769 183 2815 branae
225 2768 376 2815 medallions
387 2782 399 2824 ;
442 2766 591 2830 hendiadys.

91 2834 239 2882 Reference
251 2834 273 2883 is
285 2833 361 2881 made
373 2841 401 2882 to
414 2834 458 2882 the
470 2836 593 2896 imagines

88 2902 214 2963 clipeatm
220 2916 232 2958 ,·
250 2916 293 2949 see
305 2900 328 2949 8.
340 2914 396 2962 7.—
403 2915 449 2949 me
462 2901 592 2949 nolente:

90 2970 183 3016 nolens
205 2967 227 3017 is
248 2983 263 3015 a
284 2969 493 3031 post-Augustan
516 2966 592 3023 form,

88 3034 147 3083 and
160 3034 280 3083 confined
293 3034 388 3083 almost
401 3033 555 3099 exclusively
565 3041 592 3081 to

89 3103 139 3151 the
154 3101 266 3150 ablative
278 3101 397 3150 absolute
407 3100 592 3149 construction.

86 3170 164 3217 -in
177 3169 296 3217 domurn
310 3168 491 3230 inruperunt:
510 3166 535 3213 in
549 3166 593 3214 the

86 3235 228 3284 historical
247 3234 332 3282 works
345 3234 452 3281 Tacitus
465 3247 525 3281 uses
541 3232 593 3281 this

86 3302 157 3351 verb
174 3317 203 3351 as
222 3300 362 3357 transitive,
377 3316 420 3362 eg.
433 3300 503 3347 Ann.
517 3299 592 3347 XlV.

88 3384 118 3417 11
137 3385 170 3417 ne
181 3370 341 3429 inrumperet
351 3368 458 3415 curiam.

123 3449 150 3497 5.
171 3442 279 3483 statum
293 3441 406 3483 tuetur:
425 3432 469 3480 the
481 3431 561 3494 figure
571 3431 592 3480 is

84 3502 173 3549 taken
193 3500 261 3548 from
286 3500 330 3548 the
351 3498 514 3561 gladiatorial
536 3514 593 3561 pro

82 3568 207 3626 fessi0n;
225 3566 258 3615 cf.
269 3566 322 3615 Cic.
336 3567 373 3614 ad
381 3566 455 3613 Fam.
467 3564 514 3612 IX.
527 3565 563 3613 16.
576 3564 593 3613 6

81 3651 132 3697 ego
145 3650 187 3682 me
198 3650 248 3681 nan
255 3640 343 3695 putem
362 3633 430 3680 tueri
443 3647 526 3679 meum
545 3638 593 3679 sta·

80 3709 145 3750 tum
169 3701 205 3748 sic
222 3699 381 3762 posse—in
406 3705 525 3746 senatu:
548 3712 592 3745 see

82 3780 108 3833 5.
120 3767 209 3818 6n.-
217 3781 268 3830 pro
278 3765 397 3814 alterius
410 3763 590 3812 discrimine:

79 3842 135 3883 not
151 3848 181 3882 as
193 3840 312 3898 attomey
324 3831 370 3879 but
383 3847 412 3880 as
424 3829 515 3878 friend.

120 3897 172 3959 12.
197 3900 274 3965 quod
301 3900 380 3965 Aper
409 3897 591 3963 increpabat:

642 2250 686 2283 see
699 2248 722 2297 9.
735 2248 771 2282 ro.
780 2234 849 2281 —in
863 2234 994 2297 strepitu,
1012 2235 1087 2283 amid
1100 2235 1142 2284 the

643 2302 689 2349 din
708 2300 737 2348 of
756 2299 799 2348 the
817 2301 884 2366 city;
903 2300 935 2349 cf.
948 2301 1041 2363 Aper’s
1053 2303 1142 2349 iucun-

643 2368 711 2414 ditas
733 2368 803 2414 urbr's
826 2367 852 2414 in
875 2380 898 2429 9.
925 2368 1140 2417 10.—sedente

642 2442 710 2482 ante
723 2433 830 2483 ostium
849 2433 1008 2496 litigatore:
1026 2433 1059 2483 cf.
1074 2435 1140 2484 Hor.

642 2501 693 2562 Ep.
716 2500 736 2547 I.
757 2512 777 2563 5.
797 2513 824 2564 31
848 2502 917 2547 atria
937 2508 1077 2549 servantem
1099 2503 1142 2549 cli-

642 2574 743 2623 entem;
773 2568 825 2614 Sat.
858 2566 878 2613 l.
905 2581 925 2614 1.
952 2580 982 2616 10
1004 2568 1050 2614 sub
1073 2570 1143 2631 grrlli

642 2640 745 2681 cantum
764 2634 894 2680 consultor
910 2634 954 2681 nbi
970 2636 1032 2682 ostia
1043 2637 1140 2696 pulsat.

644 2700 716 2748 Note
733 2699 778 2747 the
796 2700 896 2761 change
914 2700 942 2747 of
962 2702 1141 2749 construction

641 2766 712 2815 from
721 2768 749 2814 in
758 2765 819 2815 with
831 2767 875 2815 the
884 2766 996 2814 ablative
1009 2774 1036 2814 to
1047 2767 1091 2816 the
1100 2766 1142 2815 ab

643 2833 721 2881 lative
738 2833 1027 2891 absolute—sordes,
1039 2836 1142 2883 wretch-

643 2902 736 2957 edness,
749 2900 859 2964 literally
869 2902 1016 2962 maurning,
1027 2900 1109 2949 which
1121 2902 1141 2949 it

643 2982 695 3015 was
714 2968 789 3015 usual
805 2966 848 3014 for
866 2967 909 3015 the
926 2966 1037 3015 accused
1054 2974 1081 3015 to
1094 2974 1141 3030 put

643 3048 684 3081 on.
732 3034 785 3081 For
808 3033 852 3081 the
880 3033 1055 3081 combination
1079 3034 1140 3081 with

643 3101 766 3147 lacrimae
774 3099 807 3147 cf.
818 3100 873 3148 Cic.
882 3101 919 3148 ad
925 3101 998 3147 Fam.
1010 3100 1084 3147 XIV.
1095 3114 1116 3147 2.
1127 3114 1140 3147 2

643 3172 666 3215 te
677 3183 753 3221 nunc,
767 3182 823 3213 mea
838 3167 962 3222 Terentia,
975 3167 1010 3213 sic
1022 3168 1101 3214 iacere
1112 3168 1140 3213 in

643 3234 759 3280 lacrimis
766 3239 789 3280 et
796 3233 1007 3281 sardibus-sed
1016 3232 1125 3282 secedit
1134 3250 1140 3279 :

643 3299 821 3347 anacoluthon
832 3317 838 3357 3
857 3299 966 3347 secedit
976 3297 1027 3346 and
1038 3299 1141 3348 fruitur

643 3380 686 3413 are
699 3372 745 3413 not
758 3364 876 3428 opposed
889 3373 917 3413 to
930 3373 1141 3428 componuntur

642 3431 689 3480 but
703 3439 730 3479 to
743 3432 874 3493 strepitu,
887 3447 904 3479 a
915 3431 1033 3480 modifier
1048 3431 1078 3479 of
1095 3432 1140 3479 the

626 3498 726 3556 latter.
763 3498 904 3546 Strictness
933 3497 962 3545 of
989 3499 1139 3561 expression

643 3562 730 3612 would
751 3564 852 3627 require
871 3565 916 3611 sed
933 3566 962 3611 in
985 3566 1045 3612 locis
1060 3567 1139 3627 puris

643 3666 649 3677 .
668 3666 673 3677 .
693 3665 699 3676 .
717 3646 766 3693 qua
774 3631 879 3678 animus
889 3632 984 3687 secedit,
997 3638 1045 3679 etc.

673 3710 697 3744 2.
712 3697 786 3744 baec
796 3697 961 3760 primordia,
971 3699 1044 3746 haec
1054 3712 1141 3760 pene-

642 3763 725 3811 tralia
734 3780 740 3809 ε
752 3764 811 3811 here
818 3780 871 3811 was
878 3764 925 3811 lter
931 3765 1072 3827 beginning,
1081 3765 1141 3812 ltere

642 3830 689 3877 her
717 3830 921 3878 shrine—hoc
954 3830 1063 3888 habitu,
1082 3839 1139 3887 etc,

642 3898 671 3946 in
689 3897 741 3944 tnts
756 3898 830 3961 guise
847 3897 903 3946 and
919 3897 996 3956 dress,
1015 3897 1140 3962 referring
