2784 4350
91 369 125 413 -9,
138 361 161 423 5]
382 360 570 411 DIALOGVS
593 361 642 410 DE
665 361 911 412 ORATORIBVS.
1155 362 1184 415 15

137 530 223 592 Nam
241 529 388 592 carmina
400 537 433 592 et
447 549 573 604 versus,
589 529 710 611 quibus
724 537 829 592 totam
841 528 944 593 vitam
958 529 1132 594 Maternus
1154 537 1184 602 ,9

90 638 257 700 insumere
281 645 374 718 optat
395 637 484 723 (inde
510 637 598 700 enirn
624 637 733 700 omnis
759 637 853 700 fluxit
878 639 1006 720 oratio),
1026 659 1134 721 neque

88 746 287 828 dignitatem
304 746 403 808 ullam
421 745 613 810 auctoribus
631 746 701 809 suis
718 746 897 810 conciliant
920 767 1029 830 neque
1049 748 1134 812 utili-

87 863 175 918 tates
192 856 294 930 alunt,
313 855 519 937 voluptatem
543 865 655 918 autem
681 856 826 930 brevem,
844 856 975 918 laudem
1000 856 1132 920 inanem

87 973 120 1025 et
139 964 380 1026 infructuosam
398 972 657 1047 consequuntur.
709 964 805 1027 Licet
819 965 901 1028 haec
917 964 990 1046 ipsa
1002 975 1035 1028 et
1048 985 1133 1048 quae
1168 996 1181 1030 2

86 1072 244 1153 deinceps
267 1073 417 1135 dicturus
441 1093 524 1148 sum,
543 1093 640 1136 aures
661 1081 748 1148 tuae,
769 1074 932 1148 Materne,
951 1083 1133 1155 respuant:

86 1181 140 1242 cui
156 1181 245 1242 bono
263 1190 323 1255 est,
343 1181 371 1243 si
387 1182 475 1262 apud
492 1191 527 1244 te
544 1181 782 1263 Agamemnon
804 1191 862 1244 aut
887 1182 986 1244 Iason
1008 1182 1134 1245 diserte

84 1287 255 1370 loquitur?
287 1289 361 1371 quis
384 1289 458 1352 ideo
481 1290 615 1352 domum
639 1290 799 1353 defensus
822 1300 855 1353 et
880 1290 942 1353 tibi
964 1290 1131 1372 obligatus

84 1397 193 1459 redit?
226 1397 300 1479 quis
326 1397 472 1461 Saleium
498 1406 659 1473 nostrum,
679 1398 852 1480 egregium
871 1407 1004 1480 poetam
1021 1399 1084 1475 vel,
1103 1399 1130 1461 si
1165 1421 1180 1471 3

83 1504 149 1567 hoc
165 1505 439 1568 honorificentius
458 1515 519 1579 est,
538 1479 840 1587 praeclarisiimum
857 1516 977 1581 vatem,
996 1507 1130 1570 deducit

82 1622 141 1674 aut
160 1613 282 1676 salutat
300 1623 356 1676 aut
375 1614 610 1696 prosequitur?
661 1615 793 1696 Nempe
810 1614 838 1677 si
854 1615 981 1678 amicus
1001 1615 1083 1690 eius,
1102 1615 1130 1679 si
1164 1638 1180 1684 4

82 1721 299 1803 propinquus,
320 1721 347 1783 si
372 1722 516 1803 denique
542 1721 612 1803 ipse
638 1721 671 1784 in
696 1722 830 1804 aliquod
853 1723 1027 1804 negotium
1053 1723 1131 1787 inci-

80 1829 179 1904 derit,
197 1830 238 1891 ad
256 1830 345 1892 hunc
364 1829 557 1892 Secundum
583 1839 731 1893 recurret
756 1839 813 1894 aut
836 1830 876 1893 ad
900 1839 943 1906 te,
964 1831 1127 1907 Materne,

80 1957 150 1999 non
173 1937 249 2019 quia
271 1947 370 2018 poeta
394 1958 429 2000 es
455 1958 563 2020 neque
588 1947 625 2001 ut
650 1959 710 2019 pro
735 1959 774 2001 eo
796 1959 913 2001 versus
935 1938 1063 2015 facias:
1094 1940 1129 2002 hi
1165 1961 1178 2014 ς

79 2045 172 2107 enim
190 2046 293 2108 Basso
310 2045 400 2108 dorni
417 2055 610 2120 nascuntur,
630 2046 759 2127 pulchri
778 2046 912 2128 quidem
929 2054 963 2109 et
981 2047 1126 2123 iucundi,

113 2202 142 2259 9.
161 2215 228 2252 nam
242 2204 385 2252 carmina:
403 2203 493 2252 before
505 2204 578 2252 these
629 2203 738 2267 ceeding
758 2204 855 2253 writers
876 2204 952 2253 made
972 2211 1041 2254 vates
1063 2221 1128 2255 once

77 2269 167 2318 words
184 2271 277 2334 supply
291 2271 317 2318 in
335 2271 466 2332 thought:
485 2270 578 2331 ‘Quite
629 2286 702 2318 more
722 2286 738 2318 a
757 2286 834 2319 name
854 2271 882 2319 of
902 2271 994 2328 honor,
1015 2271 1067 2319 and
1087 2271 1129 2321 de·

77 2335 202 2384 different
223 2338 244 2385 is
264 2337 284 2385 it
305 2338 366 2385 with
385 2338 526 2403 poetry.’—
535 2338 577 2385 in·
629 2336 709 2386 noted
721 2337 755 2401 by
764 2338 784 2385 it
793 2353 825 2385 an
838 2337 952 2401 inspired
963 2336 1035 2394 hard,
1045 2353 1128 2387 some

77 2417 196 2451 sumere
215 2412 314 2466 optat:
333 2403 376 2452 the
392 2404 438 2451 inf.
451 2403 511 2451 with
525 2412 579 2465 apta
630 2404 704 2466 thing
722 2403 813 2466 higher
828 2403 891 2452 than
906 2404 996 2465 poeta!
1031 2405 1126 2454 Munro

75 2469 99 2517 is
112 2468 198 2517 found
210 2470 236 2517 in
248 2470 486 2535 proseasearlyas
505 2471 577 2535 Livy,
629 2486 663 2518 on
696 2472 798 2519 Lucret.
834 2471 855 2518 I.
890 2471 1126 2530 toa-deducit,

73 2553 121 2599 ag.
137 2536 185 2583 IX.
200 2550 237 2596 14.
253 2549 281 2601 ¹5
290 2539 397 2599 perdere
410 2539 575 2600 priusquam
629 2538 745 2595 salutat,
770 2537 968 2601 prosequitur:
992 2539 1066 2586 ‘who
1090 2554 1127 2587 es·

75 2604 170 2665 parire
187 2604 434 2664 aptantes—inde:
452 2606 490 2651 ie.
508 2604 576 2651 from
628 2612 697 2653 corts
718 2604 771 2652 him
789 2604 858 2651 from
876 2604 916 2652 his
935 2603 1018 2653 house
1036 2611 1064 2652 to
1082 2605 1127 2653 the

75 2670 238 2719 Maternus’s
251 2670 374 2718 devotion
393 2679 420 2719 to
433 2671 477 2718 the
488 2678 578 2719 art.—
629 2672 733 2727 Forum,
750 2671 809 2719 who
827 2686 890 2735 pays
908 2670 948 2718 his
966 2680 1080 2734 respects
1098 2680 1126 2720 to
1221 2698 1231 2715 .

72 2736 260 2799 dignitatem,
271 2746 330 2785 etc:
349 2737 393 2785 the
405 2752 477 2785 same
490 2738 577 2799 points
627 2737 680 2785 him
699 2738 725 2785 in
743 2737 788 2786 the
805 2738 933 2799 morning,
946 2737 1004 2785 who
1022 2737 1126 2786 attends

72 2804 105 2850 of
131 2802 195 2850 view
215 2819 243 2851 as
267 2802 420 2852 considered
443 2804 526 2852 above
549 2804 575 2851 in
628 2804 680 2852 him
693 2811 722 2852 to
734 2803 779 2852 the
791 2812 864 2866 gates
876 2803 950 2851 when
967 2804 1000 2852 he
1013 2819 1078 2867 goes
1090 2819 1125 2852 on

72 2870 186 2932 chapter
200 2882 212 2934 5
226 2870 250 2918 in
264 2869 410 2932 discussing
425 2879 577 2935 oratory.—
626 2886 643 2918 a
654 2870 795 2935 journey?'

72 2936 303 2985 infructuosam:
329 2952 344 2983 a
367 2938 576 2999 post-Augustan
659 2952 684 2998 4.
703 2937 863 3000 negotium:
876 2936 902 2985 in
915 2936 961 2985 the
972 2937 1039 2999 legal
1050 2954 1126 2986 sense

71 3001 157 3051 word.
627 3003 656 3051 of
674 3019 691 3051 a
711 3005 929 3051 latomia—non
950 3004 1018 3066 quia
1039 3012 1131 3067 poeta>

110 3082 137 3116 2.
155 3069 202 3117 cui
220 3073 304 3128 bono,
323 3072 445 3118 roraham
464 3072 487 3117 is
504 3071 526 3117 it
543 3071 575 3133 os
627 3084 677 3119 es:
697 3071 833 3118 Maternus
845 3085 898 3118 was
909 3085 943 3118 an
956 3069 1082 3119 advocate
1096 3086 1125 3119 as

69 3137 240 3197 advantage?
274 3138 318 3184 Gr.
344 3150 398 3201 ²33·
434 3136 498 3184 This
523 3152 575 3184 was
626 3138 832 3199 wellasapoet.
869 3137 921 3185 For
937 3137 982 3185 the
999 3136 1050 3185 ind.
1063 3137 1124 3185 with

70 3202 214 3267 originally
225 3218 241 3250 a
252 3203 319 3266 legal
333 3204 426 3265 phrase
439 3202 575 3267 employed
626 3220 676 3251 nan
694 3205 756 3266 quia
773 3203 799 3250 in
818 3204 906 3251 causal
925 3204 1025 3252 clauses
1041 3203 1124 3251 which

68 3270 99 3317 in
122 3268 168 3316 the
185 3284 278 3319 sense:
302 3270 389 3317 ‘Who
410 3268 488 3318 could
509 3270 575 3317 have
626 3270 693 3334 deny
713 3269 866 3334 absolutely,
887 3285 931 3318 see
949 3270 1125 3319 Gildersleeve

69 3334 130 3383 had
142 3351 158 3383 a
169 3336 327 3384 motivei'-
335 3337 411 3400 apud
424 3345 462 3395 te,
471 3339 499 3384 in
506 3353 576 3399 your
628 3349 681 3401 541,
690 3337 763 3384 Rem.
775 3350 795 3384 1.
824 3338 964 3400 Nonquia,
974 3337 1000 3384 in
1011 3337 1085 3400 place
1096 3336 1126 3384 of

69 3404 408 3466 marka-Agamemnon
417 3412 466 3452 aut
477 3404 574 3451 lason:
626 3404 670 3451 the
682 3403 773 3452 earlier
788 3420 839 3451 nan
851 3405 925 3467 quad,
937 3403 1028 3466 begins
1045 3412 1074 3452 to
1091 3402 1124 3451 be

69 3470 223 3518 characters
248 3471 273 3517 in
302 3470 345 3519 the
369 3469 497 3534 Thyestes
523 3468 575 3517 and
625 3470 745 3533 frequent
757 3470 839 3519 about
852 3471 896 3519 the
908 3471 971 3519 time
983 3470 1012 3518 of
1024 3470 1095 3534 Livy.

70 3534 173 3584 Medea
184 3537 363 3601 respectively;
382 3536 414 3585 cf.
427 3551 449 3600 3.
464 3550 485 3583 2.
659 3550 683 3599 5.
702 3537 958 3587 dominascuntur:
973 3537 1125 3601 apparently

109 3617 134 3663 3.
154 3603 297 3653 Saleium:
315 3619 359 3651 see
374 3616 394 3668 5.
409 3617 575 3665 2n.-p0e-
626 3619 642 3650 a
655 3603 800 3666 proverbial
819 3605 977 3667 expression.
1013 3603 1055 3651 Cf.
1068 3603 1123 3651 Cic.

67 3679 145 3727 tam,
167 3677 283 3717 vatem:
309 3675 398 3725 ‘varra
424 3670 467 3717 the
491 3669 575 3717 oldest
626 3671 706 3717 Acad.
718 3670 1124 3718 11.80daminobisistanascun-

66 3750 152 3785 name
164 3734 206 3783 for
217 3743 287 3798 poet,
301 3736 450 3784 afterwards
462 3736 507 3784 fell
520 3736 575 3783 into
626 3744 689 3794 tur:
707 3738 744 3785 ud
763 3738 834 3784 Fam.
855 3738 902 3784 IX.
923 3751 945 3801 3.
965 3750 978 3783 2
996 3738 1041 3784 sed
1056 3737 1122 3799 quid

65 3802 206 3864 complete
226 3810 367 3865 contempt,
386 3801 438 3850 and
455 3818 507 3851 was
528 3801 577 3850 dis·
626 3819 668 3864 ego
690 3820 760 3850 nunc
779 3805 839 3851 lraec
858 3804 895 3851 ad
911 3811 940 3859 te,
961 3805 1034 3852 cuius
1055 3804 1126 3850 domi

65 3867 171 3919 carded
182 3868 224 3918 for
230 3876 312 3931 poeta.
347 3869 435 3931 Vergil
453 3868 505 3917 and
521 3884 577 3917 suc·
627 3871 1066 3932 naseunturi-quorumtamen
1076 3869 1123 3918 hic
