2784 4350
96 372 147 416 -2t
161 364 188 424 4]
370 366 559 415 DIALOGVS
585 368 635 415 DE
659 366 905 416 ORATORIBVS.
1160 368 1192 417 45

98 532 258 608 miscetis,
293 553 332 596 ea
364 533 483 597 electio
520 533 734 611 inventionis,
769 534 796 598 is
829 536 909 598 ordo
941 556 1060 611 rerum,
1095 556 1142 611 ea,
1233 548 1240 565 ·

99 641 255 723 quotiens
282 662 382 705 causa
407 642 524 723 poscit,
542 644 689 718 ubertas,
712 663 760 719 ea,
784 643 939 726 quotiens
968 643 1143 724 permittit,

99 749 255 825 brevitaS,
274 750 302 811 is
320 750 573 832 compositionis
590 752 699 827 decor,
719 771 758 814 ea
780 751 1022 814 sententiarum
1044 750 1146 833 plani-

98 866 151 921 tas
168 867 230 933 est,
250 858 298 921 sic
316 859 499 940 exprimitis
524 859 687 935 adfectus
707 858 755 923 sic
771 842 961 923 libertatem
985 868 1146 941 tempera-

99 967 143 1029 tis
174 976 221 1042 ut,
251 967 352 1030 etiam
380 967 409 1029 si
441 976 556 1030 nostra
587 967 709 1031 iudicia
737 967 927 1049 malignitas
955 977 989 1030 et
1022 967 1146 1031 invidia

98 1075 289 1149 tardaverit,
308 1096 424 1139 verum
441 1076 482 1139 de
499 1076 593 1139 vobis
610 1075 732 1139 dicturi
750 1076 816 1139 sint
834 1076 960 1159 posteri
977 1075 1102 1140 nostri'

146 1184 243 1265 Quae
279 1204 355 1247 cum
388 1184 483 1265 Aper
515 1184 663 1260 dixisset,
701 1183 1003 1266 ‘Adgnoscitisne’
1037 1184 1144 1267 inquit
1157 1183 1197 1247 24

100 1293 278 1354 Maternus
314 1292 398 1353 ‘vim
427 1302 461 1355 et
490 1293 641 1355 ardorem
670 1292 758 1374 Apri
786 1293 917 1356 nostri?
979 1293 1055 1375 Quo
1083 1302 1147 1355 tor-

98 1409 206 1475 rente,
226 1420 291 1482 quo
310 1400 437 1481 impetu
455 1400 624 1464 saeculum
641 1410 794 1464 nostrum
811 1401 963 1465 defendit
981 1402 987 1464 !
1037 1401 1146 1483 Quam

99 1508 235 1590 copiose
254 1529 293 1571 ac
309 1509 399 1571 varie
415 1509 546 1572 vexavit
569 1509 749 1591 antiquos!
799 1510 936 1591 Quanto
954 1530 1021 1572 non
1040 1510 1146 1573 solum

99 1616 238 1698 ingenio
254 1637 293 1680 ac
311 1616 439 1698 spiritu,
460 1618 518 1679 sed
539 1618 640 1679 etiam
662 1617 851 1680 eruditione
868 1627 902 1680 et
920 1628 991 1681 arte
1008 1619 1049 1681 ab
1066 1618 1147 1699 ipsis

99 1734 275 1788 mutuatus
293 1735 353 1800 est,
373 1746 432 1807 per
454 1746 538 1807 quae
563 1746 639 1787 mox
664 1726 755 1807 ipsos
780 1726 987 1790 incesseret!
1036 1727 1146 1788 Tuum
1183 1756 1197 1789 2

98 1844 226 1908 tamen,
261 1833 429 1908 Messalla,
460 1834 660 1915 promissum
694 1834 891 1897 immutasse
923 1854 990 1896 non
1024 1834 1146 1911 debet;
1196 1816 1197 1819 Ἴ

100 1962 214 2024 neque
251 1942 340 2004 enim
376 1942 588 2004 defensorem
624 1941 837 2024 antiquorum
874 1941 1047 2024 exigimuS,
1086 1962 1148 2005 nec

99 2070 303 2132 quemquam
329 2059 491 2125 nostrum,
518 2070 718 2132 quamquam
747 2051 844 2112 modo
871 2049 996 2112 laudati
1022 2070 1146 2126 sumus,

99 2158 142 2222 iis
174 2180 259 2241 quos
291 2158 476 2222 insectatus
509 2167 560 2221 est
592 2157 686 2240 Aper
718 2179 957 2240 comparamus
1020 2158 1073 2223 Ac
1105 2179 1148 2221 ne
1184 2184 1198 2233 3

100 2267 174 2348 ipse
198 2266 332 2348 quidem
358 2268 406 2330 ita
432 2267 545 2342 sentit,
573 2268 631 2330 sed
657 2287 750 2330 more
774 2277 888 2330 vetere
915 2276 948 2330 et
977 2289 997 2330 a
1025 2269 1148 2331 nostris

100 2375 309 2457 philosophis
330 2396 429 2457 saepe
449 2375 616 2440 celebrato
634 2375 777 2456 sumpsit
796 2375 862 2439 sibi
883 2376 1148 2439 contradicendi
1218 2429 1220 2434 .

99 2493 225 2564 partes.
285 2483 393 2566 Igitur
422 2503 578 2565 exprome
602 2483 699 2546 nobis
724 2504 791 2546 non
817 2484 1042 2547 laudationem
1066 2485 1148 2547 anti·
1183 2507 1199 2554 4

100 2612 245 2674 quorum
267 2575 361 2679 (satis
384 2592 473 2654 enim
496 2592 570 2654 illos
594 2591 684 2654 lama
709 2613 768 2654 sua
791 2591 927 2674 laudat),
947 2593 1006 2654 sed
1031 2613 1148 2656 causas

100 2722 163 2763 cur
193 2710 325 2763 tantum
358 2702 399 2764 ab
432 2700 623 2782 eloquentia
650 2719 765 2762 eorum
795 2700 1041 2776 recesserimus,
1073 2721 1148 2764 cum

100 2809 300 2890 praesertim
319 2819 454 2871 centum
472 2819 506 2871 et
523 2807 643 2890 viginti
665 2829 771 2871 annos
794 2808 836 2871 ab
859 2808 997 2871 interitu
1019 2807 1148 2872 Cicero-

98 2917 155 2979 nis
172 2917 206 2979 in
223 2917 312 2980 hunc
329 2918 417 2980 diem
434 2917 556 2981 efficiat
573 2916 657 2978 ratio
674 2915 885 2998 temporum’

98 3058 236 3122 planitas,
254 3061 397 3116 clearness;
416 3060 477 3123 only
492 3059 553 3108 here
572 3058 598 3105 in
682 3071 707 3106 2.
733 3066 815 3107 tuum
832 3058 1018 3121 promissum,
1031 3067 1095 3106 etc:
1114 3059 1148 3107 ‘it

98 3126 154 3174 this
162 3125 294 3185 sense;cf.
304 3126 357 3173 Cic.
371 3127 499 3188 Topica97
509 3141 599 3172 narra·
649 3133 746 3172 cannot
770 3124 803 3172 be
827 3124 882 3172 that
912 3125 944 3173 he
971 3125 1018 3173 has
1047 3125 1147 3173 shaken

97 3195 180 3240 tiones
204 3200 234 3239 ut
253 3194 350 3254 planae
374 3194 433 3239 sint.
449 3220 483 3226 -
499 3198 598 3240 nostra
649 3206 715 3254 your
727 3191 887 3240 resolution!
914 3193 965 3239 For
978 3191 1021 3240 the
1033 3192 1148 3254 promise

97 3258 220 3308 iudicia:
238 3260 275 3307 i.e.
292 3258 336 3307 the
354 3257 491 3322 judgment
509 3257 538 3306 of
555 3257 599 3305 the
649 3273 693 3306 see
708 3257 745 3306 16.
759 3272 782 3321 3.

95 3333 203 3389 present
215 3324 273 3390 day.
682 3339 707 3385 3.
733 3339 821 3387 saepe
840 3325 1002 3374 celebrato:
1024 3333 1085 3373 note
1104 3325 1148 3373 the

131 3390 422 3452 24‚torrente,stream
431 3394 598 3457 cy'eloquence.
649 3391 792 3454 pleonasm.

94 3469 253 3523 -quanto
282 3460 399 3523 ingenio
431 3473 464 3507 ac
494 3459 597 3522 spiritu
680 3473 705 3519 4.
730 3458 832 3521 igitur:
850 3466 877 3514 at
898 3459 942 3507 the
959 3458 1100 3521 beginning
1120 3458 1149 3507 ol

96 3535 250 3576 mutuatus
272 3535 335 3576 est:
357 3542 479 3590 zeugma3
503 3533 597 3575 mutu·
649 3524 694 3573 the
706 3533 835 3582 sentence,
849 3539 878 3574 as
894 3525 989 3574 almost
1006 3525 1148 3589 invariably

95 3602 165 3644 atus
179 3602 224 3643 est
236 3595 336 3657 applies
353 3594 453 3659 strictly
466 3602 494 3642 to
507 3593 599 3642 erudi·
648 3592 675 3640 in
700 3593 814 3641 Tacitus.
862 3593 911 3641 See
932 3607 954 3656 3.
976 3606 1067 3639 1n.-
1081 3605 1147 3640 curn

96 3662 177 3710 tione
188 3669 217 3710 et
226 3669 288 3710 arte
296 3661 380 3709 alone.
400 3661 473 3709 With
482 3660 598 3724 ingenio
649 3660 838 3722 praesertim:
858 3659 986 3721 elliptical‚
1001 3667 1047 3705 ‘an
1062 3667 1148 3706 aston-

95 3741 132 3775 ac
146 3727 250 3790 spiritu
262 3728 356 3792 supply
367 3727 394 3775 in
407 3727 521 3789 thought
534 3729 599 3775 locu-
648 3726 735 3788 ishing
753 3725 814 3782 fact,
834 3725 972 3789 especially
991 3725 1069 3781 since,
1091 3724 1148 3773 etc!

95 3801 140 3842 tus
162 3796 299 3842 est—ab
323 3794 404 3857 ipsis,
429 3793 525 3857 ipsos:
554 3794 599 3841 the
649 3800 808 3841 —centum
826 3800 855 3841 et
866 3791 970 3854 viginti
985 3805 1091 3844 annos:
1109 3793 1147 3838 i.e.

96 3860 327 3925 repetitionisfor
338 3860 477 3924 emphasis.
650 3860 710 3921 only
722 3858 779 3908 that
792 3873 876 3922 many.
913 3858 962 3906 See
977 3870 1014 3918 17.
1028 3871 1075 3921 3n.
