2784 4350
96 369 147 416 -ssss-
164 370 189 431 6]
389 366 578 416 DIALOGVS
603 366 654 415 DE
678 366 924 416 ORATORIBVS.
1165 364 1196 417 73

95 532 330 614 explicantur!
380 533 467 597 Nam
492 554 558 617 quo
582 535 680 598 modo
702 534 832 599 nobiles
851 555 954 621 equos
975 555 1092 599 cursus
1112 542 1146 597 et
1181 554 1196 606 3

95 641 207 723 spatia
236 643 388 724 probant,
420 642 468 707 sic
493 652 545 706 est
577 642 696 726 aliquis
722 652 890 708 oratorum
916 663 1062 725 campus,
1088 662 1148 725 per

95 772 197 836 quem
215 749 282 812 nisi
299 749 395 813 liberi
413 760 446 813 et
464 751 565 814 soluti
582 751 743 827 ferantur,
763 751 956 817 debilitatur
971 772 1009 816 ac
1025 751 1148 835 frangi-

95 872 152 925 tur
172 862 374 945 eloquentia.
426 863 538 945 Ipsam
559 863 762 945 quinimmo
785 884 897 927 curam
919 872 954 926 et
976 861 1147 943 diligentis
1182 883 1198 929 4

95 971 167 1034 stili
183 970 388 1034 anxietatem
406 971 607 1035 contrariam
625 972 822 1055 experimur,
841 971 919 1055 quia
935 991 1036 1053 saepe
1052 970 1151 1033 inter-

95 1088 194 1161 rogat
220 1079 319 1142 iudex
346 1081 478 1162 quando
500 1080 649 1162 incipias,
672 1089 706 1144 et
729 1100 769 1143 ex
791 1078 1054 1163 interrogatione
1073 1077 1147 1141 'eius

96 1186 328 1268 incipiendum
354 1196 416 1262 est,
443 1188 639 1271 frequenter
666 1188 920 1270 probationibus
946 1196 979 1250 et
1004 1185 1154 1249 testibus

97 1294 272 1358 silentium
300 1294 468 1377 inpatiens
494 1296 620 1360 indicit.
680 1297 779 1360 Vnus
806 1296 894 1359 inter
917 1295 999 1359 haec
1024 1294 1150 1358 dicenti

95 1412 156 1466 aut
189 1402 274 1466 alter
305 1403 438 1466 adsistit
472 1413 506 1466 et
538 1424 592 1467 res
620 1403 712 1467 velut
746 1404 780 1466 in
814 1404 994 1467 solitudine
1026 1402 1145 1484 agitur.

98 1511 237 1575 Oratori
269 1521 383 1575 autem
416 1511 559 1576 clamore
591 1512 777 1597 plausuque
806 1532 889 1593 opus
918 1520 969 1574 est
998 1521 1032 1574 et
1057 1510 1147 1573 velut
1185 1531 1198 1582 5

97 1620 245 1702 quodam
261 1620 394 1683 theatro
410 1641 417 1698 ;
434 1621 544 1703 qualia
560 1621 698 1684 cottidie
715 1620 861 1703 antiquis
875 1620 1061 1683 oratoribus
1075 1626 1150 1683 con'-

97 1729 289 1810 tingebant,
308 1750 384 1792 cum
402 1738 452 1792 tot
470 1729 595 1811 pariter
610 1750 649 1793 ac
666 1738 735 1792 tam
753 1728 882 1792 nobiles
899 1728 1009 1791 forum
1027 1737 1150 1791 coarta-

98 1844 186 1911 rent,
205 1857 280 1899 cum
304 1836 481 1900 clientelae
504 1858 636 1920 quoque
658 1858 697 1901 ac
715 1837 823 1900 tribus
841 1845 875 1899 et
892 1836 1148 1917 municipiorum

98 1944 203 2007 etiam
236 1945 422 2026 legationes
450 1947 489 2009 ac
520 1967 597 2028 pars
623 1946 741 2008 Italiae
772 1944 1038 2028 periclitantibus
1066 1944 1150 2007 adsi-

99 2061 217 2128 steret,
237 2073 312 2115 cum
342 2054 375 2115 in
404 2053 571 2136 plerisque
596 2053 727 2118 iudiciis
750 2054 901 2116 crederet
925 2053 1066 2135 populus
1085 2054 1149 2115 Ro-

98 2183 221 2225 manus
246 2183 306 2225 sua
331 2161 496 2227 interesse
523 2161 603 2245 quid
631 2161 843 2226 iudicaretur.
902 2160 991 2227 Satis
1017 2170 1148 2226 constat
1184 2178 1200 2227 6

100 2271 139 2334 C.
170 2270 364 2333 Cornelium
393 2280 427 2334 et
457 2273 505 2337 M.
533 2271 694 2335 Scaurum
726 2281 759 2334 et
792 2272 830 2334 T.
863 2272 1025 2333 Milonem
1050 2279 1083 2333 et
1110 2271 1148 2335 L.

102 2378 253 2442 Bestiam
282 2388 316 2442 et
346 2379 379 2443 P.
403 2379 577 2442 Vatinium
606 2400 773 2444 concursu
804 2379 909 2442 totius
943 2378 1087 2442 civitatis
1116 2388 1149 2442 et

98 2496 276 2550 accusatos
297 2497 330 2549 et
352 2487 521 2563 defensos
540 2497 577 2550 ut
598 2487 834 2570 frigidissimos
852 2506 985 2569 quoque
1001 2496 1150 2584 oratores

131 2679 157 2725 3.
182 2679 240 2727 quo
258 2666 360 2714 modo:
383 2680 428 2715 see
446 2677 485 2730 25.
503 2680 518 2726 4
535 2681 602 2713 n.—
651 2666 714 2715 time
743 2681 773 2715 so
805 2681 883 2730 many
914 2664 966 2713 and
996 2680 1027 2714 so
1056 2663 1151 2714 noble)

98 2744 204 2780 cursus
216 2738 245 2779 et
255 2733 359 2795 spatia,
368 2733 483 2794 spurious
494 2749 600 2791 courses,
653 2732 727 2781 With
757 2740 799 2781 tot
831 2731 883 2780 and
913 2732 1025 2782 nobiles
1055 2733 1151 2800 supply

96 2795 252 2862 hendiadys.
651 2800 779 2859 hominem
803 2799 836 2848 cf.
851 2799 909 2848 Sen.
924 2800 973 2861 Ep.
995 2798 1048 2848 108.
1067 2798 1099 2863 38
1117 2806 1152 2846 tot

128 2880 154 2926 4.
181 2864 250 2928 quin
278 2865 382 2914 immor
412 2866 599 2929 post-positive.
649 2883 679 2914 ac
702 2866 1024 2915 talium—adsisteret:
1053 2865 1079 2912 in
1106 2866 1150 2914 the

96 2933 148 2979 See
165 2931 189 2979 6.
209 2933 496 2995 3n.—contrariam,
510 2934 599 2997 sutr'le,
649 2931 755 2997 judicial
774 2948 857 2990 sense,
878 2933 1087 2996 post-Augustan
1108 2932 1150 2980 for

95 2996 161 3047 used
171 2997 364 3063 predicatively.
399 3000 452 3047 For
461 3000 505 3047 the
515 3014 601 3048 mean·
651 2998 696 3048 the
713 3000 804 3049 earlier
820 3001 911 3057 adesse,
920 3000 999 3048 stand
1014 3000 1044 3061 by
1059 3015 1104 3047 one
1118 3015 1150 3046 on

93 3065 140 3126 ing
160 3063 194 3112 cf,
218 3079 257 3128 34.
280 3067 505 3129 3n.-quando
529 3066 599 3114 incl·
649 3066 1149 3128 trial,ascounseloractivesupporter.

94 3131 170 3194 pias,
187 3132 261 3179 when
274 3148 328 3195 you
337 3132 373 3180 ’re
386 3135 468 3196 going
482 3139 506 3181 to
520 3134 598 3197 begin,
682 3135 707 3181 ⁶.
728 3134 759 3181 C.
780 3133 963 3182 Cornelium:
986 3131 1097 3181 accused
1121 3131 1150 3180 of

93 3200 133 3244 i.e.
154 3213 230 3246 come
254 3206 282 3246 to
307 3199 351 3247 the
374 3200 467 3262 point3
492 3198 600 3248 indirect
650 3207 755 3248 treason
789 3200 815 3248 in
851 3199 882 3264 65
918 3211 976 3256 B.c.,
1009 3197 1060 3247 and
1095 3213 1150 3248 suc-

94 3264 227 3326 question.
245 3293 280 3300 —
298 3279 332 3313 ex
376 3265 600 3330 interrogatione
651 3266 773 3332 cessfully
796 3265 926 3315 defended
950 3265 984 3330 by
1007 3266 1150 3314 Cicero.-

94 3331 170 3391 eius,
184 3332 306 3395 asterlris
321 3323 600 3396 inquiry.-indicit:
651 3334 811 3383 Scaurum:
847 3340 1008 3397 pro-praetor
1042 3332 1071 3380 of
1105 3332 1150 3385 the

93 3415 127 3445 sc.
149 3399 237 3454 iudex,
259 3400 297 3446 ie.
319 3398 352 3446 he
372 3414 436 3447 even
460 3399 601 3462 interrupta
649 3400 773 3462 province
796 3400 825 3448 of
854 3398 974 3449 Sardinia
995 3399 1021 3447 in
1047 3411 1077 3463 55
1099 3410 1149 3446 sc.

94 3464 141 3512 the
153 3464 357 3526 argumentanti
371 3465 416 3514 the
428 3465 603 3515 evidence—
652 3466 729 3515 After
746 3467 787 3516 his
804 3474 892 3515 retum
905 3474 933 3514 to
952 3466 1037 3514 Rome
1053 3466 1085 3514 he
1098 3479 1150 3518 was

93 3545 172 3580 unus
192 3539 243 3580 aut
261 3532 348 3580 alter:
369 3533 428 3595 only
444 3549 489 3581 one
507 3550 537 3580 or
552 3539 602 3580 troo
651 3532 763 3582 accused
776 3533 805 3581 of
820 3532 958 3590 extortion,
971 3532 1017 3581 but
1029 3547 1081 3581 was
1095 3546 1150 3580 suc-

92 3596 195 3646 friends
217 3613 261 3647 are
281 3606 393 3663 present,
411 3614 441 3648 as
461 3598 601 3662 compared
651 3599 775 3665 cessfully
789 3599 919 3649 defended
936 3599 970 3664 by
988 3599 1080 3647 Cicero
1097 3596 1150 3646 and

92 3664 158 3712 with
190 3663 235 3712 the
266 3666 362 3728 throng
389 3665 449 3714 who
476 3665 601 3731 formerly
651 3665 795 3714 others.—
808 3666 957 3724 Milonem,
1008 3663 1148 3723 Bestiam,

91 3729 224 3794 gathered
245 3731 271 3779 in
292 3732 337 3781 the
355 3740 521 3781 court-room.
557 3733 599 3780 On
651 3733 815 3783 Vatinium:
828 3733 862 3781 all
870 3731 1040 3797 defendedby
1048 3731 1148 3780 Cicero.

92 3814 166 3845 unus
177 3804 226 3845 aut
235 3799 302 3846 alter
312 3814 356 3848 see
367 3813 391 3863 9.
405 3798 421 3847 6
432 3815 457 3846 n.
649 3828 684 3835 —
695 3799 902 3862 frigidissimos
937 3813 1060 3863 quoque,
1089 3813 1149 3846 even

129 3878 154 3927 5.
169 3864 409 3927 pariter=simul,
420 3872 461 3914 ‘at
473 3866 518 3915 the
527 3881 599 3915 same
650 3867 691 3914 the
708 3867 817 3925 coldest,·
840 3880 954 3931 quoque
971 3866 998 3914 in
1015 3865 1060 3915 the
1075 3879 1150 3914 sense
